2592 3834
210 236 245 289 18
441 214 636 301 caepim
659 250 707 298 oc
727 249 844 299 aaran
865 248 972 296 abaco.

229 376 314 426 XIIII
355 380 388 429 Ut
397 379 424 427 d
417 378 505 442 functo
516 380 623 428 Paulino
630 380 746 428 [thamar
748 388 796 443 pro
805 396 830 427 ea
840 378 968 442 Hrafensis
978 376 1198 451 eceleseaepraeneb

367 450 435 491 atum
451 446 575 506 susceperit
596 452 617 493 ct
635 444 664 493 de
679 444 815 494 humilitate
830 444 941 492 mirabili
958 443 1019 505 regis
1039 441 1134 496 osuini,
1151 441 1198 504 qui

364 508 394 555 ab
408 509 484 555 Osuiu
495 509 585 555 crudeli
565 510 785 571 Ieaedeperemtus
794 515 834 556 est

245 587 296 635 XV
354 589 387 637 Ut
396 589 513 651 episcopus
523 590 546 637 A
549 589 610 637 ulan
621 590 705 637 nautis
717 596 740 637 et
751 595 906 652 tempestatem
915 588 1034 651 futuram
1045 586 1197 649 praedixerit

364 658 386 699 et
394 654 471 700 oleum
481 660 592 701 sanetum
603 670 650 717 quo
660 655 725 702 haue
735 655 845 701 sedarent
854 654 948 701 dederit.

236 734 302 782 XVI
353 734 386 783 Ut
406 734 610 849 idemtadmotum
632 737 663 784 ab
686 736 792 785 hostibus
817 737 876 786 urbi
899 735 981 800 regiae
1000 737 1080 798 ignem
1102 734 1195 783 orando

363 815 469 847 amouere

228 882 308 931 XVII
354 882 387 931 ΙΙ
395 888 492 943 opposta
507 882 553 928 eccl
551 882 610 929 esiae
624 898 664 930 ceu
661 883 741 930 'idem
756 882 899 930 adcumbens
909 882 998 929 obierat
1009 880 1108 929 ardente
1121 886 1194 927 cetera

362 944 548 1007 domoflammis
557 946 654 994 absumi
663 947 811 1009 nequiuerat,
808 962 814 974 ·
829 954 851 994 et
860 947 889 995 de
897 947 995 994 interna
1006 946 1058 992 uita
1069 946 1125 992 eius.

219 1025 314 1073 XVIII
347 1026 385 1073 De
394 1024 446 1072 uita
457 1024 497 1072 uel
505 1031 579 1073 marte
587 1027 624 1073 re
623 1042 643 1088 Ι
640 1026 693 1073 iosi
701 1027 767 1089 regis
776 1027 896 1090 Sigbercti.

211 1104 322 1157 XVIIII
351 1106 385 1155 Ut
393 1104 499 1151 Furseus
509 1105 578 1166 apud
589 1105 721 1153 Orientales
731 1106 825 1168 Augias
843 1105 1014 1153 monasterium
1022 1098 1114 1167 fecerit,
1132 1108 1155 1149 et
1166 1102 1195 1150 de

184 1182 188 1199 t
362 1168 494 1216 umauebus
504 1168 543 1215 uel
551 1170 676 1216 sanctitate
686 1186 743 1227 etus
762 1170 803 1217 eui
816 1170 888 1217 ettam
903 1185 960 1216 earo
970 1174 1026 1231 post
1040 1175 1138 1215 marteres
1154 1167 1194 1215 in·

363 1239 475 1295 corrupta
485 1232 645 1280 testimonium
653 1234 807 1295 perhibuerit.

242 1314 294 1363 XX
350 1316 383 1364 Ut
392 1315 420 1362 d
408 1314 501 1377 functo
514 1315 621 1363 Honorio
632 1316 776 1378 pontificatu
791 1316 824 1361 sit
830 1314 936 1378 firmatus
953 1313 1099 1370 Deusdedit;
1114 1318 1136 1360 et
1149 1313 1196 1375 qui

289 1424 292 1429 .
355 1378 700 1507 hobh‘iiidhibseibimmlm
715 1381 864 1443 Augurum,
881 1395 925 1442 que
921 1378 1070 1440 'Hrofensis
1082 1377 1195 1424 eeclesiae

234 1520 300 1569 XXI
349 1520 382 1570 Ut
396 1520 527 1583 prouincia
548 1521 780 1570 Mediterranearum
800 1522 941 1586 Areglarum
966 1520 1011 1568 sub
1037 1536 1089 1584 rege
1111 1519 1193 1568 Peada

365 1586 506 1633 Christiana
517 1586 628 1649 sztsaeta

227 1665 309 1714 XXII
352 1666 385 1714 Ut
397 1666 527 1714 Oruutales
537 1668 643 1715 Saxones
652 1666 754 1730 fidemq
755 1683 813 1714 nane
824 1666 917 1714 dudum
927 1666 1067 1735 abiecerunt,
1082 1664 1126 1712 sub
1141 1679 1194 1728 rege

361 1728 479 1792 Sigbere'to
486 1732 638 1793 praedicante
650 1732 726 1780 Ceddo
736 1733 867 1794 receperint.

219 1808 316 1857 XXIII
353 1810 386 1858 Ut
395 1809 456 1856 idem
467 1809 591 1884 episcopus
597 1810 663 1858 Cedd
670 1811 747 1857 lactem
759 1811 899 1858 monasterii
908 1810 1063 1857 construendi
1071 1809 1102 1856 ab
1116 1809 1193 1857 Oidil·

362 1874 435 1920 ualda
451 1888 502 1935 rege
516 1874 631 1948 accipiens
640 1875 787 1923 arationibus
797 1891 826 1922 ae
841 1874 939 1922 ieiuniis
949 1876 1059 1922 Domino
1073 1889 1192 1921 camura-

362 1938 442 1995 caerit;
457 1944 479 1985 et
488 1938 516 1985 de
524 1939 586 1985 abitu
597 1938 679 2000 ipsius.

212 2018 323 2067 XXIIII
349 2019 383 2067 be
404 2018 535 2080 prouincia
563 2020 712 2066 Marciorum
739 2018 810 2066 acciso
830 2034 881 2081 rege
900 2017 985 2065 Penda
999 2016 1075 2076 fidem
1100 2016 1196 2065 Christi

360 2083 490 2145 susceperit,
510 2088 532 2129 et
550 2084 626 2131 Osuiu
638 2091 686 2146 pro
701 2084 785 2144 adepta
806 2083 907 2130 uictoria
918 2082 1071 2143 possessiones
1085 2087 1108 2129 et
1121 2084 1193 2129 terri·

360 2148 424 2195 toria
434 2148 474 2194 dea
485 2148 520 2194 ad
528 2148 686 2194 construenda
696 2148 841 2194 monasteria
852 2147 947 2194 dederit

228 2228 304 2275 XXV
349 2229 383 2277 Ut
399 2227 502 2290 quaestio
517 2228 549 2274 sit
565 2234 629 2275 mata
645 2228 674 2275 de
687 2234 788 2289 tempore
800 2226 905 2289 paschae
918 2225 1033 2273 aduersus
1050 2225 1149 2287 eosqui
1165 2226 1195 2273 de

361 2293 448 2339 Scottea
460 2298 583 2339 uenmaut.

223 2372 314 2420 XXVI
350 2372 383 2419 Ut
395 2372 497 2419 Colman
508 2372 586 2419 uictus
599 2370 697 2419 domum
710 2356 842 2419 redieret'et
858 2371 928 2418 Tuda
939 2378 987 2433 pro
1003 2369 1045 2417 illo
1060 2370 1193 2432 episcopatu

362 2436 394 2483 sit
395 2435 508 2498 functus,
520 2436 646 2498 qualesque
655 2436 705 2483 illis
714 2436 845 2484 doctoribus
848 2436 930 2496 fuerit
940 2435 1036 2482 habitus
1044 2434 1154 2483 ecclesiae.

207 2510 317 2563 XXVII
348 2516 382 2564 Ut
392 2514 506 2578 Ecgberet
515 2516 558 2571 uic
566 2521 665 2561 sauctus
679 2515 708 2562 de
722 2514 967 2577 uatioueAngiarum
982 2513 1148 2561 monachicam
1162 2514 1193 2561 in
1283 2535 1285 2542 ·

359 2580 479 2627 Hibernia
490 2580 567 2627 ustam
578 2580 682 2627 duxerit.

200 2658 322 2705 XXVIII
348 2658 382 2706 Ut
396 2644 505 2719 desumto
522 2658 594 2706 Tuda
616 2642 709 2720 Vi'lfrid
727 2658 754 2705 iu
776 2658 866 2714 Gallia,
885 2657 979 2704 Ceadda
992 2656 1064 2719 apud
1080 2656 1191 2704 Occidere·
1283 2665 1285 2670 '

359 2724 416 2769 tales
427 2724 539 2782 Saxones,
554 2722 581 2770 in
592 2722 724 2785 prouincia
738 2722 1003 2783 Nordanhymbrorum
1018 2722 1069 2768 sint
1083 2720 1195 2769 ordinati
1283 2749 1285 2756 ·

200 2867 335 2916 XXVIIII
348 2793 514 2929 (hinisifgbhard
522 2867 644 2930 presbyter
658 2866 812 2915 ordinandus
824 2866 853 2914 iu
868 2866 1067 2928 archipiscopum
1084 2867 1192 2914 Romam

359 2932 386 2979 de
404 2932 532 2979 Brittania
551 2932 583 2978 sit
604 2932 706 2978 missus:
728 2939 797 2993 quem
820 2932 918 2979 remissa
935 2946 991 2977 mox
1008 2930 1097 2991 scripta
1110 2937 1194 2994 papae

358 2997 478 3056 apostolici
487 2995 571 3043 ibidem
582 2996 653 3043 obisse
662 2996 830 3043 narraturiut.

163 3050 165 3054 γ
225 3074 302 3123 XXX
348 3076 383 3124 Ut
405 3075 538 3123 Orientales
559 3075 666 3123 Saxones
689 3080 789 3136 tempore
812 3073 966 3121 mortalitatis
990 3070 1026 3117 ad
1049 3072 1192 3122 idolatriam
1283 3111 1285 3122 .

359 3138 453 3197 reuersi,
470 3140 511 3185 sed
519 3147 566 3200 per
580 3138 726 3187 instantiam
737 3137 892 3186 Iaruutanni
906 3137 1006 3201 episcopi
1021 3153 1077 3185 max
1093 3138 1146 3185 siut
1160 3140 1193 3187 ab

357 3205 547 3251 errorecoerecti.

609 3365 713 3408 ’cruditi
725 3379 762 3406 ms.
