2592 3834
109 224 156 308 25]
279 240 281 245 ·
364 246 531 295 pascunt
555 246 830 297 conrrorarsr.
860 267 863 272 <
1056 240 1092 305 ts

107 383 134 430 et
146 392 164 431 a
176 383 239 433 tota
253 372 361 435 Christi
375 374 498 434 ecclesia
515 374 696 435 custoditum
714 393 768 451 pro
786 372 879 433 nihilo
897 371 1092 433 contemnitis.

106 467 152 528 ille
175 469 217 529 sic
238 470 277 549 in,
291 472 407 546 pascha·
425 469 575 530 dominico
603 470 699 529 rriiii²m
720 472 820 529 lunam
847 467 1038 545 computauit,
1062 480 1096 527 ut

107 565 180 624 hauc
201 569 305 627 eadem
332 566 396 644 ipsa
423 566 471 627 die
495 586 578 627 more
601 566 813 644 Aegyptiorum
836 578 912 625 mr¹1¹¹
932 568 1032 626 lunam
1055 566 1095 626 ad

106 681 254 739 uesperam
268 682 332 723 esse
346 665 500 738 fateretur;
518 664 560 723 sic
574 664 645 724 item
659 674 732 722 mram
742 663 791 723 die
806 661 955 723 dominico
968 662 1095 739 paschae

80 776 94 835 5
108 759 264 833 adnotauit,
278 769 311 819 ut
324 760 401 819 hanc
420 759 566 819 declinata
587 760 692 820 eadem
710 758 759 820 die
777 778 842 819 esse
859 758 941 817 xxi²¹²¹
954 760 1093 819 crederet

108 853 186 913 cuius
204 857 333 932 regulam
355 854 550 914 distinctionis
570 873 625 913 nos
643 854 792 929 ignorasse
810 855 923 930 probat,
943 854 1025 929 quod
1044 851 1095 913 ali·

108 950 218 1022 quoties
238 953 349 1027 pascha
369 950 604 1011 manifestissime
627 962 695 1011 ante
718 950 921 1027 plenilunium,
946 949 978 1009 id
999 959 1043 1009 est
1063 948 1095 1008 in

107 1044 167 1103 xiiia
179 1048 257 1120 luna,
271 1046 373 1107 facitis
417 1050 455 1108 de
468 1059 549 1124 patre
563 1059 663 1107 autem
680 1058 778 1107 uestro
792 1047 939 1108 Columba
951 1057 982 1106 et
994 1064 1095 1122 sequa·

108 1142 186 1203 cibus
207 1143 278 1217 eim,
301 1164 427 1221 quorum
451 1145 634 1205 sanctitatem
659 1163 713 1203 uos
735 1142 841 1203 imitari
863 1156 893 1203 et
910 1145 1040 1220 regulam
1060 1162 1096 1202 ac

68 1251 258 1315 ropraecepta
285 1241 458 1301 caelestibus
489 1241 578 1327 signis
608 1242 779 1300 confirmata
811 1240 896 1316 sequi
927 1238 1094 1316 perhibetis,

108 1352 220 1409 possem
240 1338 426 1413 respondere,
443 1338 511 1414 quia
529 1338 627 1397 multis
644 1337 676 1397 in
694 1336 804 1398 iudicio
822 1337 987 1398 dicentibus
1004 1336 1096 1397 domi·

109 1450 153 1503 no,
168 1435 248 1508 quod
266 1435 297 1494 in
316 1433 437 1495 nomine
457 1435 518 1495 eius
537 1434 775 1512 prophetauerint
788 1444 818 1495 et
831 1433 988 1494 daemonia
1003 1432 1096 1494 eiece-

109 1527 162 1588 rint
175 1540 204 1589 et
216 1530 337 1591 uirtutes
350 1532 457 1590 multas
473 1531 601 1604 fecerint,
619 1551 810 1607 responsurus
823 1530 860 1590 sit
873 1530 1011 1590 dominus
1027 1529 1095 1606 quia
1123 1599 1128 1614 Ι

110 1642 264 1702 numquam
278 1645 331 1685 eos
344 1624 465 1686 nouerit.
508 1628 561 1686 sed
579 1626 655 1686 absit
673 1638 705 1686 ut
724 1628 782 1685 hoc
796 1626 834 1686 de
848 1626 978 1702 patribus
991 1625 1095 1685 uestris

70 1736 97 1794 15
110 1719 210 1793 dicam,
225 1722 294 1797 quia
312 1721 415 1782 iustius
433 1724 526 1782 multo
546 1732 591 1782 est
612 1723 649 1782 de
670 1722 826 1798 incognitis
844 1723 956 1783 bonum
977 1721 1095 1782 credere

110 1832 193 1889 quam
207 1819 335 1893 malum;
354 1819 434 1878 unde
448 1830 477 1879 et
490 1819 555 1878 illos
570 1818 618 1879 dei
634 1820 760 1877 famulos
773 1837 808 1876 ac
822 1819 880 1878 deo
894 1818 1017 1878 dilectos
1031 1838 1094 1878 esse

111 1928 167 1969 non
184 1931 268 1989 nego,
288 1912 339 1990 qui
358 1912 542 1990 simplicitate
559 1912 667 1973 rustica
684 1916 737 1973 sed
757 1912 921 1972 intentione
938 1912 988 1989 pia
1005 1914 1094 1973 deum

110 2008 275 2071 dilexerunt.
316 2030 413 2086 neque
431 2010 486 2069 illis
505 2011 629 2069 multum
650 2011 754 2069 obesse
775 2028 841 2069 reor
862 2011 950 2069 talem
967 2010 1095 2086 paschae

111 2104 328 2179 obseruantiam,
353 2092 493 2182 quamdiu
521 2106 617 2165 nullus
644 2107 804 2166 aduenerat
831 2105 883 2181 qui
906 2105 948 2167 eis
971 2105 1095 2166 instituti

73 2214 101 2251 20
111 2201 281 2273 perfectioris
315 2202 432 2261 decreta
465 2220 541 2277 quae
575 2212 765 2276 sequerentur
798 2201 980 2261 ostenderet:
1019 2220 1094 2277 quos

112 2293 204 2370 utique
228 2297 325 2369 cred0,
348 2296 373 2355 si
393 2296 444 2373 qui
464 2308 535 2357 tunc
555 2300 593 2357 ad
615 2317 666 2357 eos
687 2296 848 2356 catholicus
869 2296 1026 2355 calculator
1045 2296 1095 2355 ad-

112 2392 223 2463 ueniret,
244 2393 286 2452 sic
304 2392 367 2454 eius
385 2393 497 2454 monita
515 2394 604 2455 luisse
623 2404 781 2464 secuturos,
802 2393 954 2469 quomodo
967 2413 1003 2453 ea
1019 2412 1095 2469 quae

113 2500 245 2549 nouerant
258 2508 293 2549 ac
308 2489 470 2551 didicerant
487 2489 536 2550 dei
552 2491 692 2549 mandata
710 2490 870 2566 probantur
886 2488 974 2549 fuisse
992 2488 1091 2548 secuti

113 2592 247 2645 tuautem
266 2590 298 2646 ‘et
322 2584 395 2645 socii
417 2586 469 2658 tui,
497 2586 522 2645 si
548 2585 648 2646 audita
672 2586 789 2645 decreta
816 2583 1095 2661 sedisapostolicae

75 2688 101 2747 25
113 2674 196 2739 immo
213 2680 384 2741 uniuersalis
405 2680 545 2741 ecclesiae
563 2691 593 2742 et
610 2682 685 2740 haec
702 2678 803 2739 litteris
820 2678 907 2738 sacris
926 2682 1095 2739 confirmata

113 2772 189 2847 sequi
209 2773 404 2849 contemnitis,
431 2776 542 2853 absque
565 2778 626 2836 ulla
653 2774 836 2836 dubitatione
862 2774 997 2851 peccatis
1040 2776 1104 2844 etsi,
1129 2799 1133 2809 Δ

113 2868 184 2929 enim
195 2881 292 2947 patres
305 2870 347 2929 tui
361 2870 454 2930 sancti
467 2873 591 2944 fuerunt,
609 2870 755 2948 numquid
773 2869 929 2930 uniuersali
947 2890 1022 2948 quae
1042 2890 1095 2948 per

113 2966 205 3025 orbem
219 2977 262 3027 est
282 2965 423 3027 ecclesiae
438 2966 545 3027 Christi
564 2986 665 3027 eorum
684 2978 729 3027 est
749 2966 881 3045 paucitas
901 2987 962 3027 uno
985 2968 1024 3028 de
1045 2987 1095 3027 an-

112 3061 175 3134 gulo
194 3051 339 3122 extremae
362 3060 473 3123 insulae
495 3064 705 3139 praeferenda?
745 3074 775 3123 et
795 3062 820 3122 si
840 3074 958 3122 sanctus
978 3072 1094 3122 cratae

77 3173 104 3227 30
114 3169 208 3230 potens
234 3157 388 3218 uirtutibus
411 3158 461 3219 ille
485 3161 631 3221 Columba
654 3170 759 3231 uester,
782 3157 874 3218 immo
896 3167 925 3218 et
947 3168 1047 3217 noster
1069 3157 1094 3218 si

115 3251 212 3313 Christi
235 3264 303 3326 erat,
328 3253 472 3331 numquid
498 3256 634 3333 praeferri
661 3254 756 3332 potuit
782 3252 952 3319 beatissimo
977 3265 1094 3330 aposto

114 3346 198 3409 lorum
223 3350 355 3427 principi,
381 3351 429 3411 cui
450 3351 587 3411 dominus
611 3351 669 3412 ait:
698 3355 758 3411 “tu
779 3369 810 3411 es
831 3352 935 3410 Petrus
955 3360 986 3409 et
1007 3369 1094 3427 super

198 3460 270 3517 'toto
284 3479 329 3517 ms.
460 3462 481 3499 ²¹
497 3464 593 3515 iecerint
608 3441 668 3516 mss
742 3498 748 3506 -
785 3462 806 3496 ²⁹
821 3463 938 3513 atrimae
952 3478 998 3513 ms.
