2592 3834
400 249 524 299 PIETY
544 250 591 303 ost
608 250 705 299 KING
729 250 891 299 OSWALD.

628 602 674 658 v1

150 770 324 895 HVIVS
343 768 431 847 igitur
446 767 583 828 antistitis
602 768 739 829 doctrina
754 788 806 829 rex
824 768 939 830 Osuald
957 788 1026 829 curn
1045 788 1080 830 ea
1098 768 1146 829 cui

259 878 392 943 praeerat
409 877 498 943 gente
517 867 681 941 Anglorum
694 864 846 925 institutus
859 885 922 925 non
936 867 1033 925 solum
1046 865 1146 942 incog-

143 964 214 1024 nita
227 963 463 1041 progenitoribus
477 963 537 1021 suis
555 982 645 1038 regna
662 964 812 1022 caelorum
831 982 948 1039 sperare
962 962 1073 1035 didicit,
1093 962 1146 1022 sed

109 1070 179 1134 52t
212 1077 303 1134 regna
332 1070 481 1130 terrarum,
510 1059 668 1134 plusquam
698 1056 750 1116 ulli
779 1057 924 1117 maiorum
952 1077 1082 1130 suornm,
1107 1060 1146 1117 ab

146 1156 261 1214 eodem
276 1174 337 1213 uno
358 1154 481 1213 domino
502 1152 552 1229 qui
571 1153 640 1214 fecit
661 1155 778 1213 caelum
795 1164 825 1213 et
843 1164 949 1213 terram
969 1165 1146 1214 consecutus

146 1261 204 1309 est.
242 1250 370 1325 denique
384 1268 489 1308 ornnes
502 1250 637 1309 nationes
658 1260 688 1309 et
705 1246 873 1325 prouincias
887 1249 1054 1323 Brittaniae‚
1069 1268 1146 1325 quae

147 1346 181 1404 in
211 1343 254 1402 iiii
277 1343 398 1419 linguas,
428 1344 460 1404 id
482 1355 528 1403 est
550 1346 726 1404 Brettonum
750 1344 900 1404 Pictorum
922 1346 1089 1404 Scottorum
1117 1357 1146 1405 et

150 1443 326 1517 Anglorum,
350 1442 446 1501 diuisa
468 1452 521 1516 est,
544 1442 575 1500 in
598 1440 716 1501 dicione
738 1442 862 1516 accepit

91 1564 134 1603 10
214 1538 284 1610 Quo
297 1537 377 1613 regni
392 1535 519 1595 culmine
534 1537 716 1609 sublimatus,
731 1537 924 1597 nihilominus
941 1539 1021 1614 quod
1040 1536 1146 1596 mirum

149 1632 234 1691 dictu
249 1643 293 1691 est
311 1632 488 1709 pauperibus
503 1643 532 1691 et
550 1633 710 1708 peregrinis
727 1653 844 1710 semper
862 1634 980 1693 humilis
1000 1634 1147 1710 benignus

149 1742 181 1789 et
195 1732 291 1804 largus
305 1730 367 1788 fuit.
398 1730 526 1806 denique
540 1731 630 1789 fertur
640 1729 710 1806 quia
721 1741 854 1808 tempore
865 1732 1004 1807 quodam,
1019 1750 1087 1789 cum
1098 1732 1146 1791 die

149 1840 256 1887 sancto
270 1829 396 1903 paschae
411 1848 479 1887 curn
495 1830 626 1904 praefato
642 1828 786 1905 episcopo
805 1828 987 1888 consedisset
1006 1829 1044 1887 ad
1064 1848 1147 1905 pran-

149 1923 234 1983 dium
252 1922 425 1999 positusque
443 1936 520 1983 esset
538 1924 569 1983 in
588 1944 691 1985 mensa
710 1944 809 1984 coram
823 1944 860 1985 eo
874 1925 973 1985 discus
991 1939 1146 2003 argenteus

98 2040 134 2099 ¹5
150 2018 298 2094 regalibus
325 2020 419 2093 epulis
446 2020 569 2078 refertus
595 2030 625 2079 et
652 2019 829 2096 iamiamque
854 2032 952 2080 essent
979 2040 1084 2081 manus
1107 2024 1146 2081 ad

150 2136 260 2195 panem
284 2116 522 2175 benedicendum
550 2116 675 2189 missuri,
703 2118 828 2177 intrasse
855 2117 954 2176 subito
981 2118 1146 2178 ministrum

150 2214 243 2290 ipsius
266 2214 314 2273 cui
336 2212 594 2289 suscipiendorum
621 2214 744 2289 inopum
773 2224 835 2273 erat
862 2233 931 2272 cura
954 2216 1089 2290 delegata
1117 2226 1147 2275 et

67 2337 87 2357 κ
150 2314 300 2373 indicasse
320 2312 381 2388 regi
409 2311 478 2387 quia
504 2312 663 2369 multitudo
683 2331 845 2387 pauperum
867 2313 1077 2388 undecumque
1097 2316 1146 2373 ad-

151 2409 276 2469 ueniens
298 2407 427 2466 maxima
446 2426 500 2483 per
519 2409 631 2482 plateas
652 2408 769 2465 sederet
789 2408 943 2482 postulans
963 2407 1074 2483 aliquid
1098 2410 1147 2468 eli-

104 2530 141 2568 20
152 2526 296 2583 mosynae
315 2526 334 2564 a
351 2524 427 2581 rege.
467 2504 519 2580 qui
537 2524 607 2564 mox
625 2506 718 2580 dapes
737 2504 855 2564 sibimet
873 2506 1023 2581 adpositas
1043 2507 1146 2565 deferri

153 2604 332 2681 pauperibus
347 2603 400 2662 sed
415 2613 444 2662 et
458 2603 573 2662 discum
591 2601 734 2677 confringi
750 2612 840 2678 atque
855 2601 967 2661 eisdem
981 2602 1146 2662 minutatim

154 2701 247 2761 diuidi
269 2700 428 2777 praecepit.
471 2717 532 2774 quo
555 2698 621 2757 uiso
644 2698 778 2774 pontifex
802 2698 853 2774 qui
876 2698 1031 2759 adsidebat
1053 2702 1147 2761 delec-

155 2807 233 2856 tatus
254 2794 306 2854 tali
329 2797 410 2853 facto
433 2792 551 2870 pietatis
572 2793 769 2869 adprehendit
796 2794 927 2852 dextram
953 2793 1014 2854 eius
1038 2806 1067 2854 et
1088 2795 1146 2855 ait:

156 2896 324 2966 ‘nunquam
346 2889 543 2948 inueterascat
570 2890 644 2949 haec
669 2889 791 2948 manus'
833 2890 916 2965 quod
943 2900 972 2947 et
999 2889 1040 2947 ita
1066 2889 1147 2951 iuxta

113 3008 143 3064 ²5
156 2998 257 3046 uotum
282 2985 499 3046 benedictionis
525 2984 587 3045 eius
613 2984 758 3061 prouenit.
800 3003 870 3042 nam
898 3002 965 3042 curn
993 2972 1147 3046 interfecto

157 3083 206 3143 illo
223 3080 278 3163 [in]
293 3101 394 3158 pugna
407 3101 513 3141 manus
527 3102 595 3141 cum
614 3080 736 3140 brachio
754 3100 773 3139 a
787 3090 885 3139 cetero
904 3090 1003 3139 essent
1024 3098 1147 3157 corpore

158 3190 294 3251 resectae,
309 3180 432 3256 contigit
450 3190 483 3239 ut
501 3180 643 3239 hactenus
658 3178 845 3254 incorruptae
859 3178 1026 3253 perdurent.
1067 3179 1148 3239 deni·

159 3277 258 3353 quein
272 3277 346 3335 urbe
359 3276 446 3353 regia,
467 3295 542 3352 quae
556 3296 574 3335 a
587 3275 688 3352 regina
706 3274 858 3351 quondam
877 3274 1025 3333 uocabulo
1044 3276 1148 3335 Bebba

247 3408 269 3444 ¹⁷
284 3412 388 3475 delegata
400 3412 432 3462 C¹
444 3412 551 3462 secunda
561 3428 642 3460 manu.
674 3412 776 3474 deligata
787 3410 875 3474 prima.
905 3411 1005 3473 diligata
1015 3426 1061 3459 ms.

548 3490 569 3523 ²⁶
585 3492 686 3539 insrom
699 3489 737 3539 (3¹.
