2592 3834
173 239 220 297 60.
343 232 636 305 nucoNVERsroN
654 254 702 304 oF
717 250 820 303 aas?
835 252 986 302 maroam
1095 230 1164 313 [111

173 401 234 441 non
254 384 347 442 multo
368 392 435 458 post
455 382 556 441 relicto
576 380 748 458 episcopatu
765 398 899 441 reuersus
915 389 960 440 est
978 379 1017 438 ad
1035 376 1164 437 insulam

175 477 228 535 Hii
246 476 298 536 ubi
316 477 505 553 plurimorum
528 487 617 552 caput
635 488 665 536 et
683 496 779 535 arcem
798 474 890 535 Scotti
907 476 1036 533 habuere
1055 492 1165 533 coeno-

174 572 299 644 biorum,
321 573 498 631 succedente
515 571 557 630 illi
576 570 606 629 iu
625 571 827 647 episcopatum
844 571 999 629 Trumheri
1017 570 1083 629 uiro
1100 568 1165 629 reli-

174 667 256 744 gioso
271 677 301 725 et
315 665 488 725 monachica
501 666 561 725 uita
574 665 716 737 instituto,
731 664 850 725 natione
864 665 984 741 quidem
997 667 1097 741 Anglo
1110 666 1164 725 sed

174 784 193 823 a
220 764 326 824 Scottis
354 763 488 823 ordinato
517 762 664 840 episcopo.
715 763 797 839 quod
824 762 1003 838 temporibus
1027 762 1166 823 Vuifheri
1200 777 1215 835 5

174 856 257 934 regis,
274 856 311 934 de
325 875 384 932 quo
399 856 430 914 in
444 856 632 932 sequentibus
647 854 788 927 dicemus,
802 856 913 914 sactum
927 865 978 914 est

617 1154 712 1211 XXII

181 1322 270 1447 EO
284 1332 417 1398 tempore
434 1320 523 1379 etiam
538 1318 702 1381 Orientales
721 1322 851 1380 Saxones
868 1321 967 1392 fidem,
986 1339 1077 1397 quam
1095 1321 1167 1381 olim

273 1421 396 1495 expulso
423 1416 540 1475 Mellito
567 1416 701 1475 antistite
723 1414 899 1487 abiecerunt,
926 1416 1065 1475 instantia
1088 1416 1167 1492 regis

178 1510 272 1573 Osuiu
292 1523 472 1588 receperunt
516 1522 577 1572 erat
594 1511 675 1570 enim
691 1530 743 1570 rex
761 1510 893 1570 eiusdem
910 1510 1006 1586 gentis
1024 1510 1165 1586 sigberct,
1183 1502 1218 1561 10

178 1606 228 1681 qui
246 1620 314 1683 post
330 1606 513 1682 Sigberctum
533 1618 733 1682 cognomento
752 1625 877 1683 paruum
894 1607 1036 1682 regnauit,
1054 1606 1168 1667 amicus

178 1700 310 1761 eiusdem
331 1702 425 1763 Osuiu
444 1703 529 1779 regis,
551 1702 602 1780 qui
630 1722 697 1761 cum
718 1705 885 1779 frequenter
903 1704 942 1762 ad
963 1723 1032 1763 eum
1051 1704 1088 1763 in‘
1103 1724 1169 1781 pro

178 1798 306 1859 uinciam
320 1800 633 1877 Nordanhymbrorum
646 1800 768 1873 ueniret,
783 1802 897 1860 solebat
915 1821 983 1860 eum
1002 1802 1111 1861 hortari
1129 1804 1170 1862 ad

179 1894 407 1971 intellegendum
430 1896 502 1957 deos
521 1916 584 1956 esse
604 1916 665 1956 non
685 1916 773 1973 posse
791 1896 844 1973 qui
860 1896 1014 1956 hominum
1031 1897 1169 1958 manibus

179 1992 249 2050 facti
265 2002 371 2063 essent,
386 1992 434 2051 dei
455 1993 573 2052 creandi
592 1992 743 2052 materiam
756 1992 869 2069 lignum
889 1995 938 2053 uel
957 1994 1086 2072 lapidem
1104 2014 1171 2056 esse
1186 2005 1216 2063 15

179 2108 241 2149 non
261 2107 358 2165 posse,
379 2109 505 2165 quorum
525 2090 669 2149 recisurae
686 2091 735 2149 uel
755 2089 815 2165 igni
833 2091 1055 2151 absumerentur
1072 2093 1120 2152 uel
1139 2091 1172 2150 in

179 2206 251 2246 uasa
270 2186 417 2263 quaelibet
435 2186 556 2246 humani
574 2206 644 2245 usus
658 2187 851 2245 formarentur
863 2189 912 2246 uel
925 2199 1005 2247 certe
1018 2188 1171 2264 despectui

179 2282 280 2343 habita
300 2284 375 2341 foras
396 2283 594 2359 proicerentur
616 2293 645 2342 et
667 2283 793 2358 pedibus
814 2285 987 2342 conculcata
1009 2283 1041 2342 in
1064 2294 1171 2343 terram
1282 2194 1284 2352 Ι

179 2389 366 2439 uerterentur.
410 2381 499 2439 deum
520 2378 618 2455 potius
640 2378 869 2455 intellegendum
890 2378 1042 2439 maiestate
1060 2378 1172 2439 incom-

180 2472 405 2549 prehensibilem
432 2472 567 2533 humanis
598 2472 692 2532 oculis
725 2472 904 2532 inuisibilem
937 2473 1172 2550 omnipotentem
1185 2485 1221 2522 20
1282 2521 1284 2584 p

181 2577 341 2640 aeternum,
357 2568 407 2644 qui
421 2570 535 2628 caelum
549 2580 579 2628 et
593 2579 699 2628 terram
713 2579 743 2629 et
756 2570 918 2628 humanum
934 2588 1028 2645 genus
1045 2579 1173 2629 creasset

181 2672 293 2737 regeret
306 2671 336 2721 et
352 2662 530 2722 iudicaturus
547 2673 624 2722 esset
642 2664 744 2721 orbem
763 2662 794 2720 in
811 2662 968 2738 aequitate,
987 2663 1071 2723 cuius
1087 2665 1174 2723 sedes
1282 2615 1284 2724 i

182 2768 301 2817 aeterna
321 2777 382 2817 non
404 2758 435 2817 in
461 2758 513 2818 uili
533 2770 562 2818 et
582 2759 697 2818 caduco
719 2759 839 2817 metallo
861 2758 966 2819 sedin
988 2760 1076 2819 caelis
1095 2771 1174 2820 esset
1282 2733 1284 2854 ἶ

182 2855 338 2927 credenda,
362 2854 524 2930 meritoque
542 2854 771 2930 intellegendum
791 2853 861 2930 quia
878 2873 990 2925 omnes
1006 2854 1058 2931 qui
1070 2856 1174 2915 uolun·
1282 2863 1284 2928 ἶ

183 2960 273 3010 tatem
291 2950 353 3010 eius
370 2970 388 3008 a
408 2969 468 3027 quo
486 2950 575 3010 creati
594 2960 663 3009 sunt
683 2949 828 3010 discerent
847 2961 878 3011 et
897 2951 1035 3024 facerent,
1056 2963 1175 3012 aeterna
1188 2958 1221 3016 ²5
1282 3007 1284 3010 .

184 3046 222 3107 ab
236 3048 287 3108 illo
301 3048 431 3125 praemia
444 3058 541 3107 essent
554 3046 727 3124 percepturi.
763 3047 837 3106 haec
851 3057 882 3107 et
894 3047 1063 3107 huiusmodi
1081 3050 1175 3107 multa
1282 3043 1284 3046 ’

184 3164 252 3203 cum
265 3164 316 3205 rex
330 3144 423 3205 Osuiu
441 3144 502 3220 regi
520 3143 671 3219 Sigbercto
689 3142 806 3202 amicali
819 3154 849 3203 et
863 3144 946 3221 quasi
963 3146 1089 3205 fraterno
1105 3148 1176 3205 con·
1282 3209 1284 3212 ,

182 3241 248 3303 silio
269 3261 356 3320 saepe
377 3241 542 3314 inculcaret,
567 3239 689 3299 tandem
708 3238 830 3299 iuuante
847 3242 1008 3301 amicorum
1027 3261 1174 3301 consensu
1282 3313 1284 3316 Ι

184 3338 309 3400 credidit
322 3348 352 3399 et
370 3340 448 3399 facto
466 3356 535 3397 cum
555 3334 615 3397 suis
632 3334 841 3396 consiliosum
860 3334 1042 3398 exortatione
1055 3338 1177 3398 fauenti·
1282 3341 1284 3376 ³

476 3505 479 3511 ,
578 3462 599 3499 ²²
614 3465 731 3531 dtpectui
744 3480 789 3518 ms
