2592 3834
153 266 207 306 120
353 259 640 310 CONFIRMATJON
654 258 701 308 or
717 259 791 306 THE
807 259 931 309 srorrr.
1074 239 1132 322 [lv
1149 295 1150 299 ,

148 396 298 458 narrasset,
322 385 508 462 interrogauit
529 405 596 445 eum
619 385 759 444 sollicitus
783 388 883 460 quales
907 397 1003 446 essent
1030 386 1144 463 habitui

149 484 197 543 uel
209 481 308 558 specie
321 480 375 539 uiri
393 480 444 556 qui
462 480 518 539 sibi
536 479 744 556 apparuissent.
786 482 953 557 respondit:
977 482 1133 558 ‘praeclari

149 578 270 638 omnino
293 577 410 635 habitus
432 587 462 636 et
484 578 583 636 uultus
608 589 690 636 erant
711 577 859 637 laetissimi
881 599 915 638 ac
939 580 1131 655 pulcherrimi,

147 676 249 752 quales
262 691 422 748 numquam
435 683 504 732 ante
518 672 649 732 uideram
663 693 759 748 neque
769 673 881 749 aliquos
894 674 1046 734 hominum
1060 674 1133 736 tanti

149 768 263 829 decoris
282 776 323 826 ae'
336 766 496 826 uenustatis
518 786 582 826 esse
602 787 689 843 posse
714 771 875 828 credebam.
918 789 993 827 unus
1015 769 1132 844 quidem
1166 789 1181 849 5

150 877 281 926 attonsus
304 875 364 923 erat
385 874 418 922 ut
439 862 567 935 clericus,
590 864 662 923 alius
685 866 804 924 barbam
826 866 954 925 habebat
975 867 1115 942 prolixam

150 961 345 1034 dicebantque
379 958 461 1032 quod
494 976 570 1016 unus
603 978 703 1018 eorum
739 963 848 1031 Petrus
876 960 950 1019 alius
983 971 1135 1020 uocaretur

151 1059 267 1131 Paulus,
292 1066 322 1116 et
345 1053 400 1130 ipsi
424 1064 521 1113 essent
544 1054 667 1113 ministri
689 1054 800 1114 domini
823 1066 851 1114 et
873 1056 1022 1115 saluatoris
1044 1054 1135 1114 nostri

152 1157 219 1214 Iesu
234 1153 341 1214 Christi
356 1154 395 1212 ad
408 1151 561 1212 tuitionem
577 1151 668 1212 nostri
687 1153 853 1212 monasterii
871 1153 950 1212 missi
968 1154 1005 1212 ab
1019 1152 1083 1228 ipso
1096 1152 1135 1210 de

151 1249 256 1308 caelis.'
303 1246 428 1307 credidit
457 1266 527 1322 ergo
556 1247 653 1306 uerbis
682 1248 763 1323 pueri
796 1249 953 1324 presbyter,
980 1267 1015 1308 ac
1039 1245 1134 1306 statim
1151 1271 1185 1310 10

151 1363 281 1420 egressus
294 1341 445 1419 requisiuit
464 1342 495 1401 in
513 1345 618 1402 annale
638 1363 691 1402 suo
709 1354 738 1402 et
757 1343 869 1403 inuenit
887 1345 990 1402 eadem
1008 1342 1072 1418 ipsa
1087 1343 1136 1404 die

152 1439 316 1500 Osualdum
342 1457 440 1514 regem
471 1437 559 1498 fuisse
585 1449 767 1513 peremtum:
800 1439 970 1513 uocatisque
989 1437 1136 1498 ¹fratribus

151 1533 244 1610 parari
267 1534 422 1610 prandium
455 1533 558 1593 missas
587 1532 646 1592 fieri
675 1545 763 1608 atque
793 1553 896 1592 omnes
923 1533 1137 1592 communicare

152 1646 234 1686 more
251 1627 338 1687 solito
355 1627 519 1703 praecepit:
541 1626 626 1685 simul
645 1638 675 1686 et
693 1627 848 1686 infirmanti
866 1647 956 1703 puero
975 1628 1012 1686 de
1032 1627 1136 1686 eodem

153 1721 293 1782 sacrificio
309 1722 474 1781 dominicae
493 1722 650 1782 oblationis
669 1723 839 1797 particulam
858 1723 960 1782 deferri
978 1721 1135 1781 mandauit
1153 1743 1185 1802 15

153 1816 259 1892 quibus
279 1815 321 1874 ita
337 1816 425 1892 gestis
443 1836 504 1876 non
525 1819 618 1875 multo
636 1828 703 1893 post
724 1819 827 1876 eadem
847 1818 910 1893 ipsa
928 1817 976 1876 die
998 1837 1071 1893 puer
1087 1817 1138 1875 de·

153 1915 269 1972 functus
287 1924 339 1984 est,
359 1933 469 1988 suaque
489 1924 582 1973 morte
602 1913 737 1989 probauit
756 1934 824 1972 uera
845 1914 932 1973 fuisse
952 1915 1042 1972 uerba
1062 1931 1138 1989 quae

154 2014 192 2072 ab
205 2010 346 2087 apostolis
365 2009 473 2071 Christi
491 2010 628 2070 audierat
671 2011 723 2070 sed
742 2021 772 2070 et
791 2012 848 2069 hoc
867 2009 929 2069 eius
947 2009 1043 2068 uerbis
1062 2008 1139 2068 testi-

154 2105 286 2165 monium
302 2104 455 2180 perhibuit,
475 2105 556 2179 quod
578 2125 667 2164 nemo
689 2116 802 2180 praeter
821 2104 918 2180 ipsum
938 2115 1069 2180 tempore
1088 2103 1139 2163 illo

155 2220 191 2260 ex
204 2202 309 2260 eodem
324 2210 368 2258 est
380 2198 557 2258 monasterio
571 2187 670 2274 raptus
684 2200 722 2258 de
736 2199 855 2258 mundo.
887 2219 923 2258 ex
934 2218 992 2275 qua
1003 2197 1139 2257 nimirum
1153 2223 1190 2261 20

112 2282 117 2295 ’
155 2295 268 2356 uisione
291 2295 383 2367 multi,
408 2295 460 2371 qui
485 2296 559 2354 haec
585 2295 686 2355 audire
709 2306 873 2372 potuerunt,
898 2297 935 2356 ad
963 2296 1140 2356 exorandam

155 2394 186 2452 in
209 2392 339 2454 aduersis
362 2393 495 2452 diuinam
522 2392 707 2452 clementiam
736 2393 774 2451 ad
803 2393 939 2452 salutaria
965 2392 1140 2452 ieiuniorum

68 2499 71 2505 '
155 2488 285 2548 remedia
305 2489 458 2548 subeunda
478 2498 546 2547 sunt
567 2487 735 2547 mirabiliter
756 2488 889 2548 accensi:
910 2499 939 2548 et
958 2507 1049 2548 exeo
1070 2498 1142 2546 tem-

156 2603 228 2660 pore
244 2601 306 2643 non
324 2584 419 2642 solum
437 2582 467 2642 in
489 2583 802 2655 eodemmonastern,
824 2584 926 2643 sedet
947 2583 977 2640 in
998 2582 1142 2658 plerisque

155 2678 228 2742 locis
246 2676 317 2748 aliis,
337 2677 433 2753 coepit
453 2677 602 2736 annuatim
623 2676 755 2736 eiusdem
773 2677 848 2753 regis
868 2697 903 2735 ac
921 2676 1020 2736 militis
1035 2675 1142 2736 Christi
1156 2695 1189 2756 25

156 2771 308 2832 natalicius
321 2771 385 2830 dies
397 2771 550 2831 missarum
564 2770 759 2832 celebratione
773 2772 911 2831 uenerari.

610 2977 693 3060 [XV]

163 3096 368 3220 INTEREA
389 3086 596 3176 superueniens
618 3120 686 3159 cum
705 3101 832 3162 exercitu
854 3103 1013 3162 Caedualla
1030 3101 1144 3162 iuuenis

216 3191 431 3252 strenuissimus
449 3193 487 3253 de
503 3195 583 3270 regio
601 3214 707 3272 genere
722 3197 919 3271 Geuissorum,
935 3217 1002 3257 cum
1017 3199 1145 3257 exularet

158 3302 176 3343 a
189 3285 281 3360 patria
294 3307 354 3361 sua,
369 3289 511 3351 interfecit
524 3311 622 3376 regem
633 3292 807 3354 Aedilualch
820 3313 856 3353 ac
869 3294 1051 3370 prouinciam
1065 3293 1144 3353 illam
1158 3320 1196 3376 30

350 3407 371 3440 ’¹
386 3416 457 3459 etex·
468 3428 512 3462 ms.
526 3413 562 3461 ad
568 3429 609 3461 ex·
620 3411 660 3462 C³.
697 3414 709 3462 i
724 3415 789 3462 etad
797 3414 834 3462 bis
847 3430 874 3464 ar
888 3414 937 3463 and
950 3431 988 3464 aa.

353 3487 374 3521 ¹⁷
391 3504 404 3538 c
415 3501 452 3538 xv
463 3491 512 3540 and
524 3504 573 3541 xvr
584 3492 647 3541 form
658 3500 713 3557 part
725 3492 753 3542 os
760 3508 774 3542 c
785 3504 834 3542 xlv
846 3493 872 3542 in
883 3510 928 3543 ms.
