2592 3834
70 266 76 277 ·
191 252 226 289 22
291 246 428 295 arsrrop
446 245 585 295 ΑΕΒΑΝ
601 244 705 308 servs
721 242 827 311 From
849 244 925 293 Tria
946 245 1064 296 scors.
1112 228 1180 309 [ΙΙΙ
1221 248 1224 251 ·

189 386 303 452 patrata
322 386 390 434 sunt
406 374 520 434 uirtutis
533 373 705 432 miraculum
719 393 859 434 enarrare.
903 373 1023 450 quidam
1037 376 1076 434 de
1089 375 1182 433 fratri-
1285 385 1286 392 ’

189 476 245 532 bus
262 473 508 548 Hagustaldensis
522 472 665 531 ecclesiae
678 471 798 531 nomine
814 473 959 544 Bothelm‚
975 474 1026 548 qui
1039 492 1120 531 nunc
1132 494 1180 531 us

191 590 249 646 que
267 578 406 645 superest,
425 578 493 628 ante
511 586 622 644 paucos
640 587 734 627 annos
748 568 819 627 dum
833 569 978 628 incautius
995 570 1070 628 sorte
1087 581 1180 628 noctu

189 666 220 722 in
248 664 340 740 glacie
366 664 526 736 incederet,
560 674 682 739 repente
711 662 828 736 corruit,
860 664 1014 723 brachium
1041 664 1181 723 contriuit

189 780 224 819 ac
239 759 411 837 grauissima
428 761 572 819 fracturae
591 759 683 835 ipsius
697 758 796 835 coepit
809 747 945 819 molestia
958 761 1078 836 fatigari,
1093 761 1133 819 ita
1145 771 1180 820 ut
1216 782 1233 840 5
1285 747 1286 750 Ἴ

189 876 227 915 ne
242 858 281 916 ad
295 875 328 915 os
343 853 461 930 quidem
475 856 622 943 adducere
638 854 733 930 ipsum
752 854 904 913 brachium
917 856 1063 914 ullatenus
1077 856 1181 916 dolore

189 958 307 1012 arcente
321 954 438 1011 ualeret.
482 950 533 1025 qui
552 970 620 1008 cum
639 950 688 1009 die
703 952 829 1025 quadarn
849 970 935 1009 mane
953 951 1068 1011 audiret
1085 956 1179 1010 unum

189 1053 228 1110 de
255 1049 388 1108 fratribus
411 1049 450 1106 ad
477 1049 574 1106 locum
602 1046 734 1106 eiusdem
761 1057 880 1106 sanctae
903 1048 997 1106 crucis
1018 1050 1180 1108 ascendere

189 1144 376 1221 disposuisse,
402 1142 515 1217 rogauit
537 1152 570 1199 ut
591 1140 719 1216 aliquam
746 1140 803 1199 sibi
829 1151 942 1217 partem
964 1142 1002 1201 de
1025 1142 1076 1201 illo
1097 1142 1180 1218 ligno
1285 1185 1286 1214 ,

189 1240 349 1301 uenerabili
368 1238 483 1299 rediens
502 1238 635 1309 adferret,
656 1239 774 1297 credere
793 1257 824 1297 se
843 1238 945 1298 dicens
964 1239 1033 1314 quia
1050 1259 1104 1315 per
1121 1242 1180 1299 hoc
1197 1263 1234 1299 10
1285 1229 1286 1258 ¹

190 1340 320 1397 donante
345 1334 468 1394 domino
493 1336 616 1393 salutem
643 1344 743 1409 posset
771 1334 920 1410 consequi.
970 1335 1039 1395 fecit
1065 1336 1115 1395 ille
1146 1349 1181 1396 ut

190 1446 307 1511 rogatus
332 1443 376 1492 est
400 1442 430 1491 et
451 1450 585 1489 reuersus
612 1430 652 1489 ad
679 1449 832 1504 uesperam
860 1430 1030 1491 sedentibus
1057 1432 1117 1489 iam
1140 1434 1180 1492 ad

189 1546 322 1587 mensam
345 1525 479 1584 fratribus
504 1522 610 1583 obtulit
631 1523 658 1581 ei
678 1522 790 1597 aliquid
810 1524 848 1581 de
869 1524 960 1582 ueteri
988 1543 1091 1582 museo
1119 1544 1182 1599 quo

190 1623 358 1700 superficies
379 1621 450 1697 ligni
471 1632 532 1680 erat
552 1619 657 1679 obsita.
699 1620 750 1695 qui
772 1640 840 1678 curn
860 1622 967 1680 sedens
987 1622 1026 1679 ad
1045 1640 1181 1679 mensam

189 1739 249 1777 non
270 1720 390 1776 haberet
409 1717 446 1775 ad
465 1735 584 1773 manum
598 1715 648 1775 ubi
663 1716 795 1775 oblatum
816 1714 872 1774 sibi
890 1734 997 1774 munus
1015 1728 1180 1791 reponeret,
1197 1738 1231 1796 15

190 1814 268 1873 misit
290 1815 347 1871 hoc
365 1812 396 1870 in
414 1812 510 1870 sinum
532 1810 596 1869 sibi.
632 1821 662 1869 et
681 1812 752 1869 dum
771 1810 825 1870 iret
843 1812 974 1870 cubitum
993 1812 1103 1871 oblitus
1121 1814 1181 1871 hoc

190 1909 300 1969 alicubi
314 1910 471 1984 deponere,
487 1907 618 1982 permisit
631 1926 685 1965 suo
699 1906 729 1965 in
744 1908 810 1965 sinu
824 1926 1003 1983 permanere.
1035 1918 1066 1966 at
1079 1909 1181 1967 medio

190 2006 285 2065 noctis
299 2015 431 2078 ternpore
446 2021 511 2060 cuni
527 2000 685 2077 euigilaret‚
705 2002 796 2061 sensit
814 2001 916 2060 nescio
931 2002 1002 2077 quid
1015 2002 1111 2077 frigidi
1125 2022 1182 2062 suo

190 2099 273 2159 lateri
300 2098 441 2167 adiacere,
466 2098 643 2171 admotaque
664 2115 754 2154 manu
774 2096 919 2171 requirere
940 2096 1011 2172 quid
1031 2106 1118 2170 esset,
1139 2097 1183 2157 ita

191 2214 293 2254 sanum
314 2191 466 2252 brachium
488 2210 667 2267 manumque
688 2190 815 2267 repperit
837 2210 873 2250 ac
896 2191 921 2250 si
941 2191 1014 2250 nihil
1037 2211 1180 2268 umquam
1196 2217 1234 2255 20
1284 2233 1285 2318 p

191 2291 265 2352 tanti
278 2287 425 2366 languoris
439 2288 595 2346 habuisset
1284 2325 1285 2372 ,

667 2536 718 2593 III

196 2683 323 2805 IDEM
345 2700 413 2759 ergo
433 2682 631 2743 Osualdrnox
652 2680 701 2740 ubi
720 2690 842 2757 regnum
862 2679 990 2756 suscepit
1009 2678 1181 2739 desiderans
1284 2714 1286 2764 Ξ

256 2788 348 2837 totam
363 2778 409 2835 cui
420 2796 554 2854 praeesse
568 2775 666 2853 coepit
680 2787 799 2851 gentem
809 2776 879 2835 fidei
891 2776 1074 2836 Christianae
1087 2777 1182 2852 gratia
1284 2769 1286 2788 '

189 2872 280 2945 inbui,
309 2872 392 2932 cuius
417 2872 614 2949 experimenta
637 2872 817 2948 permaxima
836 2871 868 2930 in
888 2870 1090 2947 expugnandis
1117 2871 1183 2930 bar·
1198 2891 1213 2927 2
1219 2888 1234 2945 5

191 2968 267 3028 baris
289 2968 347 3027 iam
369 2979 494 3044 ceperat,
517 2967 596 3027 misit
616 2968 656 3025 ad
678 2965 804 3026 maiores
822 2978 893 3025 natu
910 2968 1085 3038 Scottorum,
1104 2966 1183 3025 iuter

190 3084 265 3140 quos
296 3068 414 3124 exulans
441 3064 504 3140 ipse
533 3064 718 3140 baptismatis
752 3075 933 3125 sacramenta
959 3084 1028 3123 cum
1055 3064 1100 3122 his
1128 3062 1179 3139 qui

190 3180 291 3221 secum
324 3172 406 3221 erant
439 3160 580 3220 militibus
614 3170 791 3219 consecutus
821 3170 891 3231 erat,
926 3171 1030 3236 petens
1064 3170 1097 3218 ut
1124 3158 1180 3218 sibi

190 3258 353 3317 mitteretur
369 3256 490 3315 antistes
509 3255 593 3315 cuius
614 3254 747 3314 doctrina
764 3274 800 3313 ac
818 3253 980 3313 ministerio
998 3273 1071 3330 gens
1089 3272 1180 3329 quam

189 3357 309 3431 regebat
338 3356 501 3431 Anglorum
529 3351 696 3412 dominicae
726 3350 796 3410 fidei
830 3361 860 3410 et
892 3351 972 3410 dona
999 3349 1124 3409 disceret
1150 3360 1180 3409 et
1194 3375 1235 3429 30
1283 3431 1284 3434 Ἴ

568 3471 579 3504 ⁹
595 3472 747 3535 dispossur’sse
755 3486 803 3521 ms.
851 3528 855 3534 ι
