2592 3834
147 227 197 310 214]
441 246 490 294 m
504 244 664 295 arzana
680 241 851 293 arraona
1079 227 1136 300 169

144 469 200 528 sub
213 487 280 545 rege
294 469 435 528 Sabercto
448 468 579 528 antistite
594 469 719 527 Mellit0.

204 566 294 632 Anno
308 566 366 624 dcu
379 564 537 641 Gregorius
550 563 632 624 obiit

203 663 294 721 Anno
308 661 394 720 dcxui
408 661 579 721 Aedilberct
593 681 645 721 rex
659 660 883 723 Cantuariorum
897 661 1054 720 defunctus
1070 669 1121 718 est.

113 775 130 834 5
203 760 294 817 Anno
317 758 414 816 dcxxu
436 757 577 817 Paulinus
597 777 615 816 a
636 760 719 817 lusto
739 755 963 833 archiepiscopo
984 756 1136 816 ordinatur

143 853 224 930 genti
239 854 552 931 Nordanhymbrorum
566 853 695 914 antistes

203 955 293 1012 Anno
307 952 415 1011 dcxxui
435 953 559 1013 Eanfled
578 952 638 1011 filia
658 950 788 1012 Aeduini
806 949 882 1028 regis
901 949 1047 1028 baptizata
1067 967 1135 1008 curn

143 1046 185 1106 xii
198 1046 228 1106 in
243 1049 366 1108 sabbato
378 1058 573 1125 pentecostes

205 1147 295 1203 Anno
316 1142 436 1203 dcxxuii
456 1143 566 1203 Eduini
584 1163 636 1203 rex
654 1143 818 1221 baptizatus
837 1162 906 1202 cum
926 1162 979 1202 sua
998 1153 1086 1220 gente
1105 1142 1134 1201 in

95 1261 132 1300 ro
144 1242 262 1316 pascha.
332 1264 334 1271 ‘

203 1340 293 1397 Anno
305 1336 433 1397 dcxxxiii
453 1336 569 1398 Eduine
589 1357 658 1415 rege
677 1348 812 1414 peremto
834 1336 977 1397 Paulinus
999 1334 1136 1397 Cantium

143 1433 238 1493 rediit.

204 1533 295 1590 Anno
308 1531 377 1590 dcxl
391 1531 525 1590 Eadbald
539 1549 590 1590 rex
604 1530 827 1591 Cantuariorum
842 1530 921 1590 obiit.

204 1630 294 1687 Anno
308 1626 396 1686 dcxlii
411 1628 524 1687 Osuald
538 1645 590 1686 rex
603 1626 726 1687 occisus

95 1734 129 1795 15
203 1726 294 1783 Anno
307 1723 417 1784 dcxliiii
436 1723 584 1796 Paulinus,
597 1726 748 1800 quondam
764 1725 892 1786 Eboraci
905 1726 959 1785 sed
973 1734 1044 1784 tunc
1059 1725 1136 1782 Hro

143 1819 234 1879 sensis
247 1819 368 1882 antistes
382 1819 517 1892 ciuitatis,
533 1819 669 1896 migrauit
683 1821 722 1880 ad
736 1821 901 1880 dominum.

203 1918 293 1976 Anno
308 1916 367 1976 dcli
381 1915 485 1977 Osuini
498 1935 550 1976 rex
563 1916 677 1976 occisus
691 1928 721 1977 et
734 1917 832 1978 Aidan
846 1916 1003 1994 episcopus
1017 1917 1136 1977 defunc·
1218 1971 1221 1978 ,

143 2022 191 2072 tus
205 2024 257 2072 est

202 2106 293 2167 Anno
313 2107 393 2168 dcliii
414 2106 602 2185 Middilangli
621 2110 677 2168 sub
701 2107 831 2185 principe
853 2108 953 2168 Peada
972 2106 1041 2166 fidei
1062 2127 1136 2184 mys·

94 2231 132 2270 20
143 2204 222 2265 teriis
235 2214 304 2264 sunt
316 2203 418 2263 inbuti.

203 2302 293 2361 Anno
307 2302 376 2362 dclu
391 2302 494 2361 Penda
507 2299 593 2377 periit
606 2311 637 2361 et
653 2299 756 2360 Mercii
771 2311 838 2361 sunt
851 2299 921 2360 facti
935 2299 1099 2362 Christiani.

203 2399 292 2458 Anno
306 2396 416 2457 dclxiiii
432 2395 557 2474 eclypsis
575 2397 667 2470 facta3
688 2398 886 2456 Earconberct
899 2416 950 2456 rex
964 2396 1135 2457 Cantuario

142 2511 207 2551 rum
220 2493 376 2553 defunctus
389 2505 419 2553 et
434 2495 561 2555 Colman
575 2512 643 2552 cum
659 2493 767 2553 Scottis
784 2495 822 2553 ad
841 2513 910 2554 suos
928 2513 1062 2554 reuersus
1075 2505 1134 2568 est;

143 2597 173 2646 et
195 2588 363 2664 pestilentia
378 2588 461 2648 uenit
466 2609 475 2662 ;
495 2600 526 2649 et
552 2590 676 2651 Ceadda
695 2608 731 2648 ac
750 2588 856 2648 Vilfrid
876 2590 1134 2666 Nordanhymbro-

95 2707 109 2744 2
112 2703 128 2763 5
142 2703 207 2743 rum
220 2685 392 2745 ordinantur
405 2685 547 2763 episcopi.

200 2782 292 2841 Anno
305 2781 425 2841 dclxuiii
439 2784 616 2843 Theodorus
629 2783 781 2843 ordinatur
795 2781 957 2858 episcopus,

200 2878 291 2936 Anno
305 2877 392 2936 dclxx
407 2877 501 2939 Osuiu
514 2898 566 2938 rex
580 2879 893 2955 Nordanhymbrorum
908 2879 990 2938 obiit.

200 2973 291 3032 Anno
305 2972 423 3032 dclxxiii
438 2973 583 3050 Ecgberct
596 2993 646 3032 rex
661 2973 887 3034 Cantuariorum
901 2973 975 3034 obiit
979 2995 988 3047 3
1008 2985 1038 3034 et
1049 2993 1133 3050 syno-

141 3069 197 3128 dus
214 3070 291 3128 sacta
304 3081 349 3130 est
362 3070 400 3130 ad
416 3071 596 3130 Herutforda
609 3082 763 3146 praesente
782 3070 920 3147 Ecgfrido
940 3090 1007 3146 rege
1027 3071 1132 3146 praesi-

93 3190 130 3247 3o
141 3166 231 3224 dente
244 3165 465 3242 archiepiscopo
479 3167 649 3238 Theodoro,
662 3166 794 3238 utillima,
809 3187 829 3225 x
843 3166 1045 3243 capitulorum.

199 3263 289 3320 Anno
316 3262 423 3320 dclxxu
447 3260 581 3320 Vull'heri
606 3280 657 3320 rex
680 3261 867 3334 Merciorum,
892 3273 1048 3338 postquam
1071 3263 1131 3325 xuii

139 3376 234 3418 annos
260 3367 439 3434 regnauerat,
460 3357 616 3417 defunctus
643 3357 804 3418 Aedilredo
832 3358 911 3418 fratri
936 3357 1054 3438 reliquit
1079 3359 1131 3418 im-

138 3473 261 3533 penum.
