2592 3834
111 216 163 298 24]
368 294 371 303 1
411 238 494 287 vous
511 238 559 287 oF
578 238 673 287 xmo
697 238 814 287 osuru.
1066 222 1102 297 ⁶5

109 381 166 421 suo
188 364 365 424 monasterio
387 364 522 426 homines
544 365 659 426 circiter
680 387 747 438 xxx,
767 366 920 444 cupientes
938 366 978 426 ad
999 385 1106 442 corpus

108 458 156 517 sui
177 459 267 535 patris
288 472 339 521 aut
360 461 460 521 uiuere
481 462 506 522 si
526 462 569 523 sic
589 464 648 523 deo
666 465 795 541 placeret
815 474 866 522 aut
886 462 1045 523 morientes
1065 462 1106 524 ibi

108 554 234 631 sepeliri.
279 556 331 632 qui
352 556 478 618 libenter
504 578 522 642 a
549 559 609 619 suis
636 560 772 620 fratribus
799 572 829 620 et
856 560 1106 640 commilitonibus

108 651 238 727 suscepti
257 671 362 712 omnes
381 652 490 713 ibidem
513 655 739 732 superueniente
756 656 905 732 praefatae
922 654 1106 731 pestilentiae

72 766 91 825 5
109 747 196 807 clade
210 748 343 809 defuncti
361 760 438 822 sunt,
456 761 580 827 excepto
599 770 661 811 uno
676 752 801 829 puerulo
818 769 909 827 quern
925 750 1106 811 orationibus

108 843 200 918 patris
219 844 263 903 sui
275 864 295 903 a
308 856 403 905 morte
422 857 537 906 constat
555 866 619 906 esse
638 857 796 907 seruatum.
838 865 906 905 nam
925 865 994 905 cum
1011 846 1105 905 multo

105 942 274 1018 posthaec
296 955 430 1019 tempore
457 942 568 1003 uiueret
594 954 624 1003 et
649 942 799 1020 scripturis
826 942 958 1019 legendis
984 962 1105 1019 operam

106 1039 202 1109 daret,
217 1038 339 1097 tandem
353 1038 456 1098 didicit
470 1059 501 1099 se
515 1059 592 1115 aqua
605 1040 787 1116 baptismatis
802 1060 863 1099 non
878 1059 943 1099 esse
956 1059 1105 1115 regenera-

106 1144 183 1202 tum,
203 1143 233 1191 et
252 1151 322 1191 mox
339 1134 423 1193 fonte
443 1134 552 1193 lauacri
573 1134 705 1195 salutaris
727 1136 845 1194 ablutus
865 1134 954 1193 etiam
976 1144 1105 1210 postmo-

59 1247 92 1285 10
105 1230 184 1287 dum
201 1228 240 1287 ad
259 1228 392 1287 ordinem
411 1230 581 1305 presbyterii
598 1242 753 1305 promotus
771 1242 816 1290 est
835 1230 991 1306 multisque
1010 1229 1041 1287 in
1059 1248 1104 1289 ec-

105 1322 201 1383 clesia
218 1322 295 1382 utilis
309 1324 381 1385 fuit:
402 1325 440 1384 de
457 1343 518 1401 quo
535 1325 732 1386 dubitandum
750 1345 813 1385 non
830 1323 1011 1395 crediderim,
1032 1324 1104 1399 quin

105 1418 368 1479 intercessionibus
392 1430 426 1479 ut
447 1420 508 1479 dixi
529 1420 574 1479 sui
597 1421 696 1498 patris,
720 1423 758 1481 ad
786 1420 869 1480 cuius
890 1438 997 1495 corpus
1017 1420 1104 1479 dilec-

106 1513 200 1574 tionis
218 1514 308 1590 ipsius
327 1514 419 1591 gratia
436 1527 566 1587 uenerat,
587 1517 625 1575 sit
643 1518 682 1583 ab
703 1516 827 1576 articulo
845 1515 947 1575 mortis
963 1526 1102 1584 retentus,

106 1621 141 1667 ut
163 1620 195 1667 et
217 1610 280 1684 ipse
303 1609 346 1669 sic
367 1621 492 1669 mortem
514 1612 653 1671 euaderet
674 1622 822 1671 aeternam
848 1620 878 1670 et
898 1609 962 1669 aliis
983 1629 1103 1685 quoque

61 1725 91 1785 15
105 1703 243 1764 fratribus
255 1704 450 1765 ministerium
464 1706 542 1766 uitae
555 1726 591 1765 ac
605 1707 706 1767 salutis
720 1708 859 1767 docendo
873 1704 1027 1765 erdriberet.

540 2016 669 2073 XXIIII

112 2167 223 2290 HIS
245 2166 426 2243 temporibus
444 2186 495 2227 rex
509 2166 603 2228 Osuiu
622 2187 690 2225 cum
711 2167 832 2225 acerbas
850 2177 939 2241 atque
958 2164 1101 2224 intollera-

204 2262 278 2323 biles
296 2275 444 2341 pateretur
458 2264 641 2341 inruptiones
656 2261 815 2340 saepedicti
833 2261 907 2337 regis
922 2262 1100 2321 Merciorum

107 2358 158 2435 qui
178 2360 295 2420 fratrem
315 2360 378 2420 eius
397 2360 553 2433 occiderat,
573 2361 612 2419 ad
630 2360 766 2419 ultimum
785 2358 958 2418 necessitate
977 2371 1100 2434 cogente

62 2482 95 2518 20
106 2454 240 2532 promisit
258 2474 289 2514 se
308 2455 336 2515 ei
354 2454 508 2514 innumera
522 2466 551 2515 et
565 2454 676 2513 maiora
694 2473 784 2530 quam
805 2452 885 2512 credi
903 2464 1001 2529 potest
1019 2473 1100 2513 orna-

107 2560 207 2608 menta
225 2549 303 2626 regia
321 2551 369 2609 uel
387 2549 509 2609 donaria
526 2550 557 2608 in
575 2550 701 2626 pretium
722 2548 803 2625 pacis
821 2549 997 2626 largiturum,
1018 2550 1100 2609 dum-

107 2644 199 2703 modo
223 2644 271 2703 ille
296 2646 419 2704 domum
443 2645 550 2705 rediret
574 2655 604 2704 et
625 2642 791 2720 prouincias
815 2643 896 2720 regni
921 2643 982 2703 eius
1006 2664 1098 2720 usquc

107 2739 146 2797 ad
167 2738 391 2801 internicionem
415 2753 528 2801 uastare
552 2740 705 2801 desineret
748 2759 876 2816 cumque
900 2759 950 2799 rex
970 2742 1098 2817 perfidus

107 2835 266 2896 nullatinus
297 2838 433 2913 precibus
460 2838 536 2899 illius
563 2858 715 2899 assensum
742 2838 901 2914 praeberet,
927 2838 979 2914 qui
1006 2848 1098 2897 totam

63 2957 93 3016 ²5
108 2929 171 2990 eius
191 2945 308 3008 gentem
330 2955 348 2993 a
369 2954 461 3011 paruo
483 2954 576 3012 usque
598 2937 636 2994 ad
660 2954 799 3011 magnum
822 2935 920 2994 delere
940 2946 1029 3011 atque
1051 2955 1098 2994 ex-

107 3028 260 3090 terminare
277 3032 454 3104 decreuerat,
476 3030 604 3107 respexit
622 3032 672 3091 ille
690 3032 728 3091 ad
746 3031 864 3090 diuinae
883 3030 1021 3090 auxilium
1040 3032 1098 3108 pie-

108 3122 184 3197 tatis,
204 3146 263 3203 quo
284 3128 322 3187 ab
341 3127 493 3204 impietate
513 3129 664 3188 barbarica
683 3139 783 3206 posset
804 3128 893 3205 eripi:
917 3140 1046 3205 notoque
1065 3150 1097 3189 se

108 3219 236 3296 obligans
257 3222 298 3283 ‘si
312 3226 458 3300 paganus’
471 3224 567 3302 inquit
582 3224 692 3285 ‘nescit
705 3225 837 3302 accipere
850 3235 950 3283 nostra
966 3226 1095 3299 donaria,

109 3318 261 3381 offeramus
275 3321 302 3381 ei
317 3321 367 3398 qui
381 3322 465 3381 nouit
479 3321 600 3381 domino
615 3323 673 3382 deo
687 3322 805 3380 nostro!
836 3319 920 3381 uouit
934 3340 1003 3398 ergo
1017 3322 1095 3399 quia,

304 3449 326 3484 ¹⁷
341 3468 439 3501 aceruos
455 3469 500 3502 ms.
695 3450 717 3485 ’Β
731 3459 836 3515 accepere
849 3466 896 3499 ms.

188 3562 211 3603 R
996 3562 1013 3621 S
