2592 3834
150 203 187 286 8l'
257 223 381 272 ornare
401 221 592 270 maneres
610 220 667 268 Ar
683 220 762 269 THE
784 219 887 268 sarra
906 219 1034 269 parca.
1082 217 1135 276 107

508 507 511 512 ,
596 420 677 478 VIII

155 589 299 714 ERAT
325 589 357 648 in
383 590 489 650 eodem
519 589 696 650 monasterio
723 610 796 667 puer
822 590 908 650 trium
935 591 1049 651 circiter
1074 611 1135 650 non

232 684 355 761 amplius
373 705 518 745 annorum
535 685 642 745 Aesica
662 686 790 760 nomine,
812 686 862 763 qui
883 698 1002 764 propter
1023 686 1136 748 infanti-

148 783 206 842 lem
227 782 325 842 adhuc
346 793 472 842 aetatem
496 783 526 841 in
550 781 696 858 uirginum
719 783 776 842 deo
801 782 999 842 dedicatamm
1022 784 1135 844 solebat

112 897 131 955 5
148 879 222 937 cella
234 876 335 937 nutriri
349 877 448 954 ibique
461 877 603 937 meditari.
645 877 694 936 hic
711 879 841 955 praefata
858 875 1024 955 pestilentia
1040 889 1135 939 tactus

146 972 196 1031 ubi
210 973 250 1032 ad
262 984 391 1032 extrema
403 972 544 1050 peruenit,
555 972 693 1032 clamauit
706 971 791 1033 tertio
804 993 893 1032 unam
907 975 945 1032 de
959 973 1134 1032 consecratis

148 1066 264 1127 Christo
285 1067 453 1144 uirginibus,
478 1067 596 1144 proprio
617 1087 682 1146 eam
704 1066 823 1127 nomine
845 1066 929 1144 quasi
950 1077 1134 1143 praesentem

145 1162 308 1237 alloquens,
324 1163 454 1238 Fadgyd,
470 1163 601 1240 Eadgyd,
618 1163 740 1241 Eadgyd
749 1183 758 1236 3
778 1173 809 1222 et
827 1161 868 1222 sic
887 1161 1045 1222 terminans
1064 1171 1135 1221 tem·

145 1258 276 1331 poralem
291 1257 383 1318 uitam
399 1258 518 1318 intrauit
536 1269 692 1318 aeternam.
734 1270 765 1319 at
781 1259 862 1335 uirgo
877 1259 926 1316 illa
943 1277 1033 1334 quam
1049 1256 1134 1316 mori-

91 1376 130 1414 10
147 1371 198 1412 ens
217 1355 351 1426 uocabat,
372 1374 441 1414 mox
459 1353 490 1412 in
510 1356 578 1414 loco
594 1374 654 1430 quo
671 1364 740 1427 erat,
760 1343 864 1414 eadem
883 1354 1000 1413 adtacta
1017 1351 1133 1411 infirmi-

146 1455 214 1519 tate,
229 1445 293 1522 ipso
308 1466 367 1522 quo
386 1458 493 1507 uocata
509 1459 553 1508 est
571 1449 619 1508 die
638 1448 677 1508 de
693 1449 750 1507 hac
767 1449 833 1508 luce
847 1449 994 1507 subtracta
1008 1458 1038 1507 et
1051 1447 1133 1506 illum

137 1527 197 1618 'qui
210 1560 241 1600 se
255 1542 374 1601 uocauit
387 1542 426 1602 ad
439 1562 562 1619 regnum
575 1545 700 1603 caeleste
714 1554 814 1602 secuta
827 1554 878 1604 est.

205 1640 282 1696 Item
296 1639 441 1713 quaedam
456 1658 492 1698 ex
505 1638 616 1698 eisdem
632 1639 744 1698 ancillis
758 1623 815 1711 deI,
830 1659 898 1697 curn
912 1639 1041 1714 praefato
1055 1648 1133 1698 tacta

143 1737 250 1794 morbo
263 1747 351 1810 atque
365 1736 403 1795 ad
420 1746 550 1795 extrema
563 1747 640 1795 esset
657 1737 807 1812 perducta,
822 1734 920 1811 coepit
939 1733 1036 1794 subito
1055 1734 1131 1794 circa

91 1816 271 1911 15'mediam
285 1843 402 1891 noctem
421 1833 545 1892 clamare
563 1831 608 1891 his
627 1850 703 1908 quae
722 1831 776 1891 sibi
798 1831 1008 1904 ministrabant,
1027 1843 1130 1909 petens

143 1938 176 1987 ut
199 1930 348 1988 lucernam
371 1947 448 2005 quae
475 1927 546 1988 inibi
570 1948 695 1988 accensa
717 1939 778 1988 erat
799 1929 1006 2005 extinguerent
1049 1931 1131 2005 quod

142 2044 211 2083 cum
232 2025 376 2101 frequenti
397 2044 472 2084 uoce
493 2036 636 2101 repeteret
654 2045 710 2086 nec
730 2036 829 2085 tamen
851 2025 880 2085 ei
897 2025 1002 2102 aliquis
1019 2027 1130 2086 obtem-

141 2131 263 2197 peraret,
286 2123 325 2181 ad
347 2132 509 2181 extremum
527 2120 641 2181 intulit:
663 2121 741 2182 ‘scio
763 2123 843 2199 quod
865 2142 913 2182 me
935 2124 1008 2182 haec
1029 2117 1130 2182 insana

141 2229 241 2277 mente
260 2218 342 2295 loqui
362 2217 558 2291 arbitramini,
585 2218 639 2278 sed
659 2218 718 2278 iam
738 2239 818 2278 nunc
837 2239 898 2279 non
919 2218 959 2278 ita
980 2238 1044 2282 esse
1063 2239 1129 2297 cog-

87 2337 126 2374 20
140 2315 272 2374 noscite:
291 2335 360 2374 nam
374 2334 443 2374 uere
457 2314 525 2375 dico
537 2314 632 2386 uobis,
648 2315 728 2392 quod
743 2316 864 2374 domum
879 2317 955 2374 hanc
969 2327 1050 2374 tanta
1063 2317 1128 2376 luce

136 2411 291 2487 ,impletam
312 2430 376 2470 esse
397 2409 549 2487 perspicio,
568 2422 601 2470 ut
620 2421 718 2470 uestra
737 2410 786 2470 illa
808 2413 926 2472 lucerna
946 2411 1018 2471 mihi
1036 2413 1129 2472 omni·
1217 2459 1222 2472 ,

137 2509 236 2568 modis
259 2507 323 2568 esse
343 2508 478 2568 uideatur
500 2509 642 2569 obscura!
683 2519 713 2569 et
735 2529 803 2569 cum
825 2529 863 2569 ne
886 2511 984 2571 adhuc
1007 2510 1125 2588 quidem

137 2603 207 2662 talia
233 2602 365 2679 loquenti
387 2603 542 2680 quisquam
572 2606 761 2680 responderet
788 2607 836 2664 uel
863 2607 1021 2665 adsensum
1047 2625 1127 2682 prae·

136 2702 227 2772 beret,
246 2700 351 2762 iterum
372 2700 462 2760 dixit:
493 2700 662 2762 ‘accendite
681 2720 750 2777 ergo
770 2702 917 2760 lucernam
934 2701 1013 2760 illam
1036 2721 1124 2778 quarn

82 2811 100 2851 2
104 2808 121 2866 5
136 2794 188 2855 diu
202 2795 308 2869 uultis3
327 2805 457 2857 attamen
475 2795 580 2856 scitote
596 2794 738 2872 quianon
753 2806 797 2856 est
810 2816 893 2856 mea:
913 2817 983 2856 nam
996 2816 1063 2858 mea
1075 2799 1125 2856 lux

135 2892 294 2969 incipiente
316 2911 419 2953 aurora
440 2891 512 2953 mihi
535 2892 698 2952 aduentura
724 2893 785 2952 est’
834 2891 989 2968 coepitque
1010 2911 1124 2976 narrare

132 2989 205 3064 quia
221 2988 385 3064 apparuerit
403 2987 458 3048 sibi
477 2987 597 3064 quidam
617 2987 663 3048 uir
684 2989 731 3048 dei
749 2987 800 3065 qui
813 2989 918 3048 eodem
932 3007 1011 3048 anno
1032 2988 1123 3048 fuerat

133 3084 298 3157 defunctus,
313 3084 415 3144 dicens
433 3084 514 3160 quod
532 3082 708 3143 adueniente
726 3083 856 3142 diluculo
874 3101 1032 3158 perennem
1047 3095 1123 3143 esset

133 3177 246 3238 exitura
258 3178 297 3236 ad
310 3179 414 3240 lucem.
459 3177 542 3240 cuius
561 3178 668 3239 ueritas
687 3177 807 3238 uisiouis
825 3176 884 3238 cita
901 3177 977 3238 circa
991 3187 1121 3239 exortum

79 3294 120 3353 30
133 3271 193 3334 diei
206 3275 321 3350 puellae
334 3285 428 3335 morte
442 3276 564 3350 probata
577 3285 629 3334 est.

533 3431 555 3466 ¹³
570 3433 669 3484 arcellis
679 3448 726 3485 ms.
