2592 3834
174 257 231 311 114
285 253 377 304 crrr
396 254 444 303 on
459 254 576 303 naon
591 251 826 301 nasrrornn.
859 250 883 298 A
910 247 1043 298 contar.
1100 228 1157 310 [IV

171 387 282 462 inqua
304 398 367 447 erat
388 388 476 446 Putta
500 385 656 462 episcopus
677 383 813 461 quamuis
832 401 868 443 eo
884 393 1020 458 tempore
1041 383 1156 453 absens,

171 482 321 541 communi
344 482 428 542 clade
449 482 599 542 absumsit.
653 481 733 556 quod
752 479 802 540 ille
821 479 873 538 ubi
893 477 1044 555 comperit,
1066 479 1158 538 eccle·

172 577 245 636 siam
266 577 405 638 uidelicet
426 597 509 637 suam
535 579 623 636 rebus
646 575 752 636 ablatis
774 577 910 635 omnibus
937 575 1155 652 depopulatam,

172 673 347 733 diuertitad
364 675 533 734 Sexuulsum
552 673 731 732 Marciorum
751 672 909 732 antistitem
933 683 964 732 et
983 681 1105 748 accepta
1118 671 1157 729 ab

173 788 209 829 eo
232 769 416 845 possessione
440 768 581 828 ecclesiae
605 768 758 827 cuiusdam
785 779 814 828 et
835 767 923 846 agelli
945 787 1007 828 non
1029 767 1156 844 grandiS,
1189 775 1205 835 5

172 862 283 924 ibidem
305 863 335 923 in
358 883 431 940 pace
455 863 547 922 uitam
570 863 673 934 finiuit,
699 863 740 921 nil
763 862 882 922 omnino
907 863 945 921 de
965 864 1157 922 restaurando

174 961 341 1037 episcopatu
365 978 419 1019 suo
442 977 540 1035 agens,
565 958 636 1034 quia
658 958 733 1017 sicut
755 977 842 1035 supra
864 955 989 1015 diximus
1010 957 1103 1032 magis
1126 955 1158 1015 in

173 1054 376 1116 ecclesiasticis
397 1073 487 1131 quam
507 1053 537 1112 in
558 1053 715 1112 mundanis
735 1056 823 1113 rebus
843 1065 905 1114 erat
924 1053 1089 1126 industrius,
1105 1055 1158 1114 sed

172 1153 205 1211 in
218 1151 268 1209 illa
280 1151 375 1209 solum
391 1147 513 1208 ecclesia
533 1149 591 1207 deo
611 1147 740 1222 seruiens
760 1159 790 1208 et
810 1148 988 1224 ubicumque
1004 1151 1159 1226 rogabatur

173 1249 212 1307 ad
233 1248 369 1307 docenda
389 1245 529 1305 ecclesiae
552 1245 683 1303 carmina
709 1245 865 1304 diuertens.
907 1264 1041 1321 proquo
1063 1247 1159 1306 Theo
1173 1270 1209 1308 10

77 1337 80 1341 ’
173 1344 262 1402 dorus
275 1340 306 1399 in
320 1339 439 1400 ciuitate
453 1341 540 1399 Hrofi
554 1339 760 1400 Cuichelmum
774 1339 957 1399 consecrauit
969 1339 1158 1417 episcopum:

174 1440 227 1498 sed
242 1438 293 1498 illo
314 1448 381 1513 post
401 1456 462 1496 non
484 1438 609 1496 multum
634 1435 773 1511 temporis
794 1455 864 1511 prae
884 1435 986 1513 inopia
1007 1457 1104 1497 rerum
1120 1439 1159 1498 ab

174 1536 343 1611 episcopatu
367 1534 531 1594 decedente
553 1544 641 1607 atque
664 1533 703 1591 ad
726 1532 783 1590 alia
804 1533 870 1591 loca
894 1533 1059 1608 secedente,
1083 1535 1160 1595 Gen

174 1631 318 1688 mundum
332 1648 385 1705 pro
399 1647 436 1687 eo
451 1626 599 1686 substituit
612 1625 781 1686 antistitem.

233 1727 322 1784 Anno
353 1723 520 1783 dominicae
548 1722 754 1782 incarnationis
782 1724 817 1783 d0
838 1726 918 1782 clxx0
940 1723 1014 1797 uiii⁰,
1042 1723 1093 1800 qui
1116 1736 1160 1785 est
1175 1744 1208 1803 15

174 1839 269 1881 annus
289 1818 401 1896 imperii
424 1818 499 1895 regis
522 1818 650 1894 Ecgiridi
672 1817 730 1891 uiii,
754 1819 886 1895 apparuit
908 1838 1008 1879 mense
1026 1822 1161 1894 Augusto

175 1918 258 1976 stella
279 1934 355 1990 quae
376 1914 482 1974 dicitur
505 1926 629 1986 cometa,
654 1926 683 1974 et
706 1914 803 1974 tribus·
818 1915 966 1987 mensibus
987 1934 1161 1991 permanens

175 2012 325 2072 matutinis
344 2013 423 2071 horis
437 2011 590 2084 oriebatur,
607 2014 753 2070 excelsam
773 2011 912 2071 radiantis
928 2013 1064 2071 flammae
1078 2011 1161 2088 quasi

175 2112 343 2169 columnam
366 2109 538 2184 praeferens.
580 2126 641 2183 quo
665 2107 754 2166 etiam
776 2126 856 2167 anno
883 2118 947 2166 orta
967 2107 1043 2168 inter
1065 2107 1162 2183 ipsum

175 2229 273 2285 regem
295 2206 463 2284 Eegiridum
485 2216 514 2264 et
534 2203 801 2264 reuerentissimum
825 2202 984 2262 antistitem
1006 2203 1163 2263 Vilfridum
1176 2222 1213 2262 20

176 2303 366 2374 dissensione,
381 2303 482 2378 pulsus
500 2313 545 2361 est
558 2301 638 2360 idern
657 2303 777 2360 antistes
795 2321 814 2359 a
827 2300 898 2360 sede
914 2300 959 2359 sui
978 2300 1163 2376 episcopatus

171 2410 206 2460 et
229 2402 290 2460 duo
310 2399 341 2457 in
361 2399 460 2456 locum
481 2397 543 2456 eius
565 2395 713 2456 substituti
733 2395 872 2473 episcopi,
888 2396 938 2473 qui
959 2397 1164 2474 Nordanhym·

175 2500 294 2557 brorum
315 2493 395 2570 genti
417 2502 593 2568 praeessent,
617 2495 696 2551 Bosa
723 2493 861 2552 uidelicet
883 2492 935 2569 qui
962 2495 1107 2554 Derorum
1134 2504 1164 2554 et

177 2596 252 2652 Eata
270 2592 321 2667 qui
340 2589 539 2649 Bemiciorum
559 2588 742 2664 prouinciam
763 2590 955 2664 gubernaret:
976 2587 1024 2646 hic
1045 2587 1075 2647 in
1096 2589 1164 2648 ciui-

176 2700 236 2748 tate
259 2686 394 2758 Eburaci,
408 2686 469 2745 'ilie
491 2684 523 2743 in
544 2685 776 2760 Hagustaldensi
798 2685 860 2744 siue
883 2685 913 2744 in
935 2684 1163 2744 Lindissamensi
1178 2695 1211 2754 25

177 2785 301 2850 ecclesia
324 2782 492 2842 cathedram
506 2782 632 2840 babens
656 2781 861 2856 episcopalem,
885 2783 974 2840 ambo
1001 2782 1038 2841 de
1065 2800 1165 2840 mona-

177 2884 300 2942 chorum
314 2879 439 2956 collegio
453 2878 483 2937 in
497 2878 684 2954 episcopatus
698 2879 820 2954 gradum
835 2877 947 2937 adsciti
977 2896 1045 2936 cum
1060 2877 1165 2952 quibus

177 2989 208 3038 et
230 2975 372 3035 Eadbaed
396 2974 426 3032 in
449 2973 601 3049 prouincia
628 2971 866 3044 Lindisfarorum,
890 2991 978 3047 quam
1000 2971 1166 3048 nuperrime

177 3091 228 3131 rex
242 3068 359 3144 Ecgfrid
373 3076 508 3142 superato
522 3066 553 3124 in
572 3068 653 3127 bello
672 3077 702 3126 et
715 3069 815 3143 fugato
833 3068 908 3125 Vuls
909 3067 976 3125 here
990 3066 1165 3140 obtinuerat,

178 3163 329 3225 ordinatur
355 3160 520 3237 episcopus.
562 3175 592 3222 et
618 3163 699 3222 hunc
725 3163 852 3239 primum
882 3163 987 3220 eadem
1013 3161 1165 3236 prouincia
1178 3181 1215 3236 30

177 3257 326 3337 proprium
353 3256 469 3334 accepit
494 3259 669 3333 praesulem,
692 3259 856 3318 secundum
884 3255 1021 3329 Ediluini,
1050 3256 1166 3316 tertium

178 3355 352 3433 Eadgarum,
368 3363 503 3428 quartum
518 3353 736 3431 Cyniberctum,
752 3373 842 3432 quem
860 3353 890 3412 in
908 3355 1054 3438 praesenti
1067 3356 1164 3420 habet.

280 3463 292 3497 ⁶
308 3471 441 3515 restaurato
452 3482 496 3516 ms.
510 3467 567 3516 -ndo
578 3466 617 3517 ΕΙ,
830 3465 851 3498 ¹²
867 3483 916 3517 non
928 3464 959 3516 C¹
971 3483 1012 3516 om
1022 3484 1068 3518 ms.
