2592 3834
157 229 211 300 ‘94
304 224 456 274 CEADDA
479 222 618 273 BISHOP
638 222 687 272 OF
703 223 782 273 THE
803 223 1004 272 MERCIANS.
1098 203 1157 286 [IV

170 349 264 411 estin
289 349 453 427 Laestingae
475 350 604 426 quietam
626 348 719 408 uitam
740 351 854 427 agebat,
875 347 1001 408 Vilfrido
1021 343 1158 407 adminis-

170 456 264 507 trante
277 447 479 523 episcopatum
491 445 684 505 Eboracensis
698 446 838 506 ecclesiae
851 464 968 506 necnon
982 455 1012 504 et
1025 441 1157 505 omnium

171 544 491 620 Nordanhymbrorum
513 544 618 602 sedet
640 541 798 616 Pictorum,
821 561 975 620 quousque
995 561 1046 602 rex
1064 540 1158 602 Osuiu

170 638 323 715 imperium
345 638 519 714 protendere
542 647 665 714 poterat
708 649 737 697 et
761 637 830 713 quia
856 637 945 697 moris
972 647 1034 696 erat
1060 635 1157 696 eidem

169 734 404 796 reuerentissimo
433 734 556 794 antistiti
582 753 657 810 opus
685 732 829 810 euangelii
858 732 950 810 magis
977 733 1156 792 ambulando
1191 756 1207 816 5

170 850 222 908 per
243 834 310 891 loca
331 850 420 908 quam
443 829 604 906 equitando
621 830 769 907 perficere,
791 829 874 889 iussit
896 847 964 888 eum
982 828 1156 888 Theodorus

172 925 351 1004 ubicumque
371 925 486 1003 longius
509 926 565 985 iter
581 926 703 985 instaret
721 924 860 1001 equitare,
882 927 1065 1000 multumque
1083 922 1158 983 reni·

170 1033 282 1084 tentem
309 1023 409 1083 studio
436 1035 466 1083 et
493 1042 592 1083 amore
618 1023 661 1100 pii
683 1022 791 1082 laboris
813 1021 876 1099 ipse
900 1041 969 1082 eum
991 1040 1080 1080 manu
1104 1039 1157 1078 sua

170 1121 279 1182 leuauit
299 1122 330 1180 in
351 1140 468 1198 equum,
484 1121 554 1197 quia
573 1120 710 1180 nimirum
732 1130 866 1180 sanctum
886 1139 950 1179 esse
967 1119 1063 1178 uirum
1077 1135 1156 1177 com-

171 1217 254 1293 perit,
279 1229 368 1293 atque
391 1237 468 1295 equo
490 1216 559 1276 uehi
580 1236 640 1292 quo
665 1228 742 1276 esset
762 1235 883 1276 necesse
905 1212 1055 1291 compulit
1098 1233 1156 1272 sus·
1173 1241 1208 1277 ro

172 1325 287 1390 ceptum
316 1314 415 1390 itaque
443 1313 646 1390 episcopatum
679 1311 774 1390 gentis
802 1311 980 1371 Merciorum
1015 1310 1101 1369 simul
1128 1321 1158 1370 et

173 1409 402 1471 Lindisfarorum
425 1410 548 1470 Ceadda
570 1409 652 1469 iuxta
676 1410 810 1486 exempla
830 1421 946 1486 patrum
969 1409 1158 1483 antiquorum

171 1503 201 1563 in
216 1524 323 1581 magna
340 1504 419 1564 uitae
438 1504 616 1581 perfectione
634 1503 836 1564 administrare
856 1502 981 1564 curauit:
1002 1502 1051 1561 cui
1069 1501 1157 1562 etiarn

171 1622 222 1662 rex
235 1601 372 1662 Vulfheri
389 1601 512 1663 donauit
532 1611 637 1660 terram
657 1603 668 1659 l
688 1601 860 1659 familiarum
875 1601 913 1659 ad
928 1600 1156 1658 construendum

171 1697 380 1758 monasterium
415 1695 446 1756 in
472 1697 539 1756 loco
568 1695 619 1771 qui
646 1694 753 1755 dicitur
778 1695 935 1767 Adbaruae‚
963 1693 994 1752 id
1026 1703 1078 1764 est,
1107 1693 1156 1750 Ad
1174 1717 1184 1752 r
1191 1714 1206 1771 5

172 1799 295 1870 Nemus
310 1799 340 1856 in
358 1796 511 1874 prouincia
525 1795 661 1870 Lindissi,
677 1795 709 1855 in
727 1815 786 1872 quo
805 1814 898 1871 usque
915 1794 1004 1854 hodie
1025 1792 1157 1853 instituta

171 1897 210 1956 ab
224 1894 289 1971 ipso
302 1893 440 1970 regularis
454 1892 533 1952 uitae
546 1891 671 1968 uestigia
683 1901 862 1967 permanent.
1123 1961 1124 1964 Ἴ

233 1987 349 2064 Habuit
369 1998 468 2046 autem
488 1987 589 2046 sedem
609 1985 809 2062 episcopalem
825 1985 856 2042 in
875 1985 942 2044 loco
961 1982 1012 2060 qui
1035 1992 1157 2043 uocatur

172 2086 364 2164 Lyccidfelth,
379 2085 409 2143 in
424 2102 485 2160 quo
499 2094 529 2142 et
543 2084 699 2142 defunctus
712 2101 748 2141 ac
766 2084 896 2158 sepultus
916 2092 960 2142 est
968 2103 977 2156 ;
997 2080 1049 2141 ubi
1062 2101 1157 2160 usque

171 2181 261 2241 hodie
285 2180 470 2257 sequentium
497 2198 616 2255 quoque
643 2177 812 2254 prouinciae
839 2177 916 2236 illius
950 2178 1156 2255 episcoporum
1173 2204 1209 2243 20

172 2279 257 2340 sedes
285 2289 337 2338 est.
387 2279 495 2337 fecerat
522 2296 593 2335 uero
621 2276 677 2336 sibi
704 2276 887 2336 mansionem
915 2296 976 2336 non
1003 2278 1091 2354 longe
1118 2279 1157 2337 ab

172 2373 296 2434 ecclesia
317 2374 503 2433 remotiorem
514 2393 522 2445 ;
552 2371 583 2431 in
603 2391 663 2448 qua
683 2371 820 2431 secretius
841 2391 909 2430 cum
930 2371 1040 2448 paucis,
1061 2372 1093 2432 id
1114 2384 1158 2432 est

171 2469 213 2528 uii
233 2469 295 2529 siue
315 2468 375 2542 uiii,
390 2468 533 2540 fratribus,
547 2468 664 2542 quoties
685 2486 703 2526 a
722 2469 823 2526 labore
844 2478 874 2526 et
894 2466 1055 2528 ministerio
1075 2466 1157 2526 uerbi

171 2566 306 2637 uacabat,
322 2583 404 2622 orare
417 2583 452 2623 ac
466 2565 562 2639 legere
576 2564 698 2622 solebat
741 2562 791 2638 qui
810 2582 878 2620 cum
900 2561 930 2620 in
945 2562 993 2620 illa
1006 2561 1158 2638 prouincia

173 2660 289 2718 duobus
310 2658 394 2717 annis
414 2678 449 2717 ac
472 2656 597 2718 dimidio
619 2656 774 2716 ecclesiam
797 2655 1004 2732 gloriosissime
1029 2656 1156 2728 rexisset,
1173 2669 1207 2728 25

172 2753 263 2813 adfuit
281 2772 409 2830 superno
429 2752 617 2829 dispensante
631 2751 740 2811 iudicio
759 2761 883 2827 tempus,
899 2753 937 2810 de
956 2770 1016 2827 quo
1031 2751 1158 2827 loquitur

172 2838 373 2910 ecclesiastes:
409 2850 495 2926 ‘quia
521 2860 636 2925 tempus
670 2847 806 2907 mittendi
833 2847 945 2924 lapides
979 2858 1009 2907 et
1042 2856 1157 2924 tempus

173 2946 348 3024 colligendi'
376 2945 542 3023 superuenit
556 2963 686 3020 namque
701 2945 799 3004 clades
814 2943 955 3003 diuinitus
969 2943 1066 3017 missa,
1081 2963 1158 3020 quae

171 3061 223 3118 per
242 3053 368 3101 mortem
388 3041 483 3100 carnis
498 3040 583 3100 uiuos
601 3040 743 3100 ecclesiae
763 3039 876 3116 lapides
893 3031 931 3100 de
950 3040 1071 3101 terrenis
1085 3042 1160 3100 sedi·

173 3140 229 3197 bus
250 3138 289 3197 ad
312 3138 477 3198 aedificium
504 3139 631 3197 caeleste
658 3137 832 3198 transferret.
873 3156 1001 3212 cumque
1028 3137 1158 3214 plurimis
1175 3145 1211 3204 30

171 3233 210 3291 de
232 3232 356 3292 ecclesia
376 3232 507 3292 eiusdem
527 3231 753 3292 reuerentissimi
772 3231 910 3291 antistitis
930 3232 967 3292 de
988 3253 1075 3293 carne
1095 3237 1159 3294 suo

171 3327 269 3389 tractis
288 3328 401 3390 ueniret
425 3332 498 3390 hora
519 3329 609 3406 ipsius
629 3340 663 3389 ut
687 3329 820 3390 transiret
845 3349 881 3391 ex
901 3331 959 3391 hoc
984 3333 1097 3393 mundo
1121 3335 1159 3392 ad

499 3443 521 3477 ⁸¹
536 3445 619 3494 uenire
626 3461 657 3510 pr
667 3461 732 3495 man.
745 3452 776 3494 -et
785 3460 831 3495 sec.
