2592 3834
9 968 12 1030 l

115 181 149 264 3]
309 201 433 251 Purra
456 204 593 252 ursana
615 205 664 254 or
680 201 908 254 nocnnsrun.
1070 207 1107 268 93

113 328 276 406 episcopos
290 331 340 406 qui
353 332 392 390 de
405 334 568 408 Anglorum
581 343 670 409 gente
684 345 781 392 essent
799 333 975 394 catholicum
988 332 1110 392 uiuendi

112 444 232 484 morem
247 426 376 485 ecclesiis
390 429 553 503 Anglorum
568 429 682 487 tradere
696 429 807 487 didicit.

178 523 285 596 Itaque
307 523 481 581 Theodorus
503 524 681 598 perlustrans
703 523 841 582 uniuersa
862 523 1017 584 ordinabat
1036 521 1110 583 locis

113 617 273 692 oportunis
290 618 445 694 episcopos
467 630 496 678 et
517 639 552 695 ea
569 639 645 695 quae
664 619 761 679 minus
775 623 903 697 perlecta
920 619 1047 696 repperit
1065 619 1109 679 his

81 744 97 801 5
112 733 245 791 quoque·
256 713 425 774 iuuantibus
442 715 613 792 corrigebat.
655 714 686 774 in
700 716 806 792 quibus
820 729 850 776 et
864 718 987 777 Ceadda
1001 717 1110 794 episco

112 830 188 886 pum
202 829 272 868 cum
285 821 417 886 argueret
436 831 497 870 non
517 811 605 870 fuisse
623 811 678 871 rite
699 823 908 884 consecratum,
926 813 1109 888 respondens

112 906 180 981 ipse
199 925 275 964 uoce
292 906 456 964 humillima
471 906 511 965 ‘si
525 909 589 966 me’
603 906 699 983 inquit
715 907 810 966 ‘nosti
830 907 1031 983 episcopatum
1047 926 1110 967 non

10 1039 13 1080 t
111 1002 171 1062 rite
185 1003 357 1079 suscepisse,
373 1003 499 1064 libenter
511 1005 549 1063 ab
564 1004 661 1064 officio
675 1003 806 1076 discedo
821 1004 931 1082 quippe
946 1004 996 1081 qui
1012 1023 1109 1080 neque

112 1118 167 1157 me
187 1117 328 1175 umquam
347 1099 406 1158 hoc
424 1118 489 1159 esse
511 1098 633 1176 dignum
655 1099 824 1172 arbitrabar,
848 1100 900 1159 sed
922 1099 1109 1160 obedientiae

67 1215 100 1252 10
114 1215 208 1254 causa
222 1196 316 1255 iussus
330 1196 426 1256 subire
439 1198 506 1269 hoc,
524 1197 659 1273 quamuis
672 1193 809 1274 indignus
824 1197 978 1256 consensi!
1018 1208 1049 1256 at
1062 1198 1111 1258 ille

114 1293 242 1353 audiens
256 1294 448 1353 humilitatem
462 1293 662 1370 responsionis
676 1293 739 1353 eius
756 1293 828 1353 dixit
842 1312 903 1353 non
917 1313 985 1353 eum
1000 1293 1111 1370 episco

114 1399 221 1465 patum
236 1389 390 1449 demittere
403 1391 530 1451 debere:
552 1391 604 1450 sed
619 1390 682 1467 ipse
697 1390 911 1450 ordinationem
931 1391 993 1450 eius
1010 1391 1110 1453 denuo

114 1483 263 1542 catholica
286 1483 398 1543 ratione
424 1483 646 1544 consummauit
688 1504 724 1544 eo
751 1496 850 1544 autern
877 1497 1019 1561 tempore,
1049 1505 1111 1562 quo

115 1581 260 1638 defuncto
274 1581 442 1640 Deusdedit
456 1581 676 1642 Doruuemensi
695 1582 835 1641 ecclesiae
854 1583 1010 1659 episcopus
1024 1603 1111 1660 quae·

68 1702 99 1758 15
114 1678 237 1733 rebatur
254 1676 444 1735 ordinabatur
461 1677 640 1751 mittebatur,
655 1677 760 1736 Vilfrid
779 1695 898 1753 quoque
916 1680 955 1737 de
970 1677 1111 1738 Brittania

10 1789 11 1803 ¹
115 1772 247 1832 Galliam
271 1772 450 1833 ordinandus
475 1785 519 1832 est
541 1773 665 1836 missus:
701 1784 730 1832 et
758 1773 897 1849 quoniam
922 1785 990 1833 ante
1014 1776 1110 1834 Theo

115 1875 225 1932 dorum
239 1870 333 1941 rediit,
348 1869 411 1946 ipse
430 1869 518 1928 etiarn
537 1869 567 1928 in
582 1868 689 1930 Cantia
707 1872 891 1946 presbyteros
910 1881 939 1928 et
958 1869 1109 1940 diaconos,

115 1970 286 2044 usquedum
306 1967 544 2044 archiepiscopus
556 1967 595 2025 ad
614 1968 717 2026 sedem
735 1985 818 2025 suam
839 1965 1012 2042 perueniret,
1035 1966 1111 2025 ordi·

114 2069 219 2127 nabat.
254 2077 284 2124 at
300 2065 363 2141 ipse
381 2065 504 2122 ueniens
523 2081 593 2121 mox
610 2061 642 2121 in
661 2063 779 2122 ciuitate
794 2065 890 2136 Hrofi,
905 2065 955 2122 ubi
970 2065 1110 2123 defuncto

68 2187 102 2224 20
115 2159 268 2220 Damiano
290 2158 477 2235 episcopatus
498 2157 557 2215 iam
579 2157 629 2215 diu
652 2169 823 2230 cessauerat‚
847 2159 992 2219 ordinauit
1014 2159 1109 2220 uirum

114 2256 212 2330 magis
226 2252 429 2314 ecclesiasticis
440 2253 600 2328 disciplinis
615 2252 778 2312 institutum
790 2265 819 2312 et
833 2254 911 2313 uitae
925 2255 1110 2331 simplicitate

115 2360 292 2412 contentum
320 2367 408 2423 quam
432 2347 463 2406 in
487 2349 596 2407 saeculi
623 2350 710 2407 rebus
738 2359 895 2421 strenuum,
926 2350 973 2407 cui
999 2368 1110 2410 nomen

116 2455 182 2506 erat
210 2446 304 2514 Putta,
332 2441 459 2502 maxime
489 2453 590 2501 autem
618 2442 792 2501 modulandi
818 2443 848 2500 in
876 2443 1001 2502 ecclesia
1028 2464 1109 2505 more

116 2546 329 2610 Romanorum,
350 2558 440 2614 quem
459 2558 477 2598 a
495 2540 647 2616 discipulis
669 2539 748 2599 beati
770 2559 864 2616 papae
882 2541 1014 2617 Gregorii
1038 2541 1111 2602 didi·

68 2668 81 2704 2
86 2667 101 2726 5
117 2646 208 2708 cerat,
223 2633 356 2710 peritum.

592 2884 643 2940 111

188 3022 215 3081 O
234 3030 366 3095 tempore
384 3017 554 3097 prouinciae
569 3016 748 3077 Merciorum
766 3037 817 3076 rex
831 3017 967 3078 Vulfheri
987 3018 1111 3094 praefuit

207 3114 265 3190 qui,
290 3133 359 3173 cum
379 3125 495 3173 mortuo
520 3115 699 3172 Iarumanno
727 3111 783 3172 sibi
810 3131 929 3189 quoque
953 3112 1070 3188 suisque
1093 3131 1111 3171 a

119 3211 280 3269 Theodoro
304 3209 477 3287 episcopum
501 3209 563 3268 dari
584 3219 705 3285 peteret,
730 3227 791 3268 non
816 3208 858 3267 eis
881 3226 993 3266 nouum
1017 3209 1111 3268 uoluit

70 3331 106 3385 30
120 3304 255 3363 ordinare
279 3303 460 3380 episcopum,
483 3305 536 3362 sed
559 3303 719 3380 postulauit
740 3323 759 3361 a
779 3322 847 3378 rege
871 3303 964 3364 Osuio
991 3313 1024 3363 ut
1054 3303 1110 3362 illis

120 3400 276 3476 episcopus
291 3399 413 3459 Ceadda
427 3400 550 3473 daretur,
572 3399 622 3474 qui
640 3410 711 3458 tunc
725 3397 755 3457 in
769 3399 946 3459 monasterio
961 3417 1015 3458 suo
1029 3399 1111 3474 quod
