2592 3834
189 252 225 309 7²
400 246 529 299 -srrvon
553 248 600 299 on
616 243 959 297 STREANAESHALCH.
1117 229 1180 312 [111

183 400 255 441 vmea
278 379 439 456 discipulus
462 397 548 438 meus
568 376 675 438 Vilsrid
701 378 859 454 presbyter,
884 376 953 454 quia
975 396 1069 437 unum
1092 380 1181 438 ambo

181 479 318 555 sapimus
339 496 408 537 cum
430 475 534 537 ceteris
555 474 606 552 qui
630 474 679 533 hic
700 473 837 534 adsident
861 474 1075 536 ecclesiasticae
1096 476 1182 535 tradi

188 574 277 633 tionis
294 572 472 644 cultoribus;
496 582 526 631 et
545 571 594 630 ille
613 570 719 629 melius
739 589 774 629 ac
795 568 977 629 manifestius
997 568 1061 646 ipsa
1082 569 1182 647 lingua

181 672 359 748 Anglorum,
376 686 464 746 quam
479 687 535 745 ego
547 687 599 743 per
612 666 809 742 interpretem,
826 676 925 741 potest
938 666 1094 741 explanare
1106 686 1182 743 quae

189 768 348 827 sen-timus!
389 778 460 825 tunc
473 764 587 836 Vilsrid,
606 763 725 822 iubente
744 783 814 839 rege
828 774 862 823 ut
875 762 994 836 diceret,
1008 763 1051 822 ita
1063 784 1183 824 exorsus
1213 782 1227 840 5

189 874 251 922 est:
282 860 406 937 ‘pascha
430 859 512 935 quod
535 858 674 917 facimus'
698 858 794 934 inquit
817 858 964 918 ‘uidimus
985 862 1110 932 Rornae,
1131 860 1183 919 uhi

181 957 267 1019 vbeati
284 956 409 1034 apostoli
427 959 529 1015 Petrus
543 967 574 1015 et
587 957 696 1015 Paulus
713 954 812 1015 uixere
828 957 955 1016 docuere
974 956 1053 1032 passi
1071 968 1182 1015 suntet

189 1055 305 1132 sepulti,
324 1055 362 1115 ab
380 1053 516 1113 omnihus
535 1049 692 1113 celebrari:
715 1052 821 1111 hocin
839 1053 933 1127 Italia,
951 1054 1010 1113 hoc
1027 1054 1057 1113 in
1077 1055 1181 1127 Gallia,

189 1170 263 1227 quas
277 1149 410 1210 discendi
429 1151 476 1208 uel
495 1148 598 1209 orandi
614 1148 713 1209 studio
732 1148 978 1226 pertransiuimus,
993 1150 1031 1209 ab
1044 1148 1182 1209 omnibus

189 1247 236 1323 agi
255 1246 477 1323 conspeximus:
500 1248 559 1307 hoc
576 1246 706 1305 Africam
723 1246 825 1307 Asiam
843 1250 1010 1324 Aegyptum
1027 1247 1180 1306 Graeciam
1198 1272 1230 1309 ro

191 1355 219 1404 et
241 1362 360 1404 omnem
380 1345 491 1417 orbem,
516 1358 703 1420 quacumque
725 1342 834 1404 Christi
856 1329 981 1403 ecclesia
1001 1342 1106 1403 diffusa
1129 1354 1181 1415 est,

186 1458 241 1517 per
255 1439 384 1501 diuersas
396 1440 530 1501 nationes
545 1451 574 1500 et
587 1440 701 1517 linguas
715 1458 775 1499 uno
789 1459 900 1499 aenon
914 1440 1031 1499 diuerso
1042 1439 1182 1515 temporis

179 1535 292 1594 ordine
312 1554 409 1611 gerere
432 1534 628 1611 comperimus
652 1546 767 1611 praeter
788 1535 844 1593 hos
866 1545 982 1594 tantum
1003 1546 1032 1594 et
1055 1534 1183 1595 obstina-

189 1629 276 1689 tionis
304 1650 405 1690 eorum
439 1630 606 1707 complices,
642 1630 741 1690 Pictos
769 1628 836 1689 dico
864 1641 894 1689 et
922 1633 1084 1703 Brettones,
1112 1649 1181 1689 cum

190 1726 297 1800 quibus
318 1727 357 1785 de
378 1727 492 1786 duabus
516 1726 625 1786 ultimis
649 1726 754 1786 oceani
774 1726 884 1800 insulis
906 1739 935 1787 et
955 1727 1002 1786 his
1021 1747 1082 1787 non
1103 1726 1182 1798 totis,
1198 1749 1228 1806 15

178 1806 291 1882 lcontra
312 1835 407 1884 totum
429 1825 530 1883 orbem
552 1825 641 1884 stulto
663 1824 763 1883 labore
783 1826 933 1900 pugnant'
972 1823 1021 1882 cui
1042 1824 1117 1882 haec
1140 1824 1182 1883 di·
1279 1869 1281 1884 .

190 1918 268 1977 centi
281 1918 431 1995 respondit
446 1921 624 1979 Colmanus:
653 1919 776 1977 ‘mirum
791 1938 880 1995 quare
895 1920 1016 1977 stultum
1034 1920 1182 1994 appellare
1279 1893 1281 1944 l

189 2014 285 2075 uelitis
305 2015 435 2075 laborem
459 2026 599 2087 nostrum,
623 2014 655 2073 in
679 2034 739 2091 quo
763 2015 836 2073 tanti
857 2014 991 2090 apostoli,
1017 2014 1068 2090 qui
1095 2033 1182 2090 super
1279 2071 1281 2094 ,

190 2122 292 2186 pectus
316 2110 430 2170 domini
450 2110 620 2169 recumbere
643 2108 835 2185 dignus-fuit,
860 2109 993 2183 exempla
1017 2119 1181 2183 sectamur3

190 2224 258 2264 cum
282 2205 377 2281 ipsum
401 2204 612 2281 sapientissime
636 2204 743 2264 uixisse
770 2204 867 2264 omnis
893 2204 1022 2262 mundus
1048 2204 1181 2263 nouerit'
1196 2229 1232 2265 20
1279 2209 1281 2278 ζ

189 2312 219 2359 at
233 2300 372 2359 Vilsridus
387 2300 492 2359 ‘absit'
506 2299 601 2375 inquit
621 2303 673 2358 ‘ut
692 2299 857 2358 Iohannem
875 2298 1014 2357 stultitiae
1029 2300 1182 2373 reprehen-
1279 2285 1281 2332 ἶ

189 2398 302 2469 damus
327 2416 395 2455 cum
419 2396 492 2455 scita
515 2395 587 2473 legis
612 2394 763 2455 Mosaicae
790 2394 870 2453 iuxta
895 2394 1021 2454 litteram
1044 2407 1179 2468 seruaret,

189 2492 354 2552 iudaizante
377 2494 475 2551 adhuc
496 2490 527 2551 in
548 2491 646 2551 multis
669 2490 793 2551 ecclesia
815 2510 872 2549 nec
895 2490 993 2550 subito
1015 2491 1181 2553 ualentibus

189 2588 327 2664 apostolis
351 2607 470 2649 omnem
493 2588 564 2665 legis
589 2587 805 2647 obseruantiam
827 2606 904 2663 quae
927 2606 946 2645 a
969 2588 1027 2646 deo
1048 2586 1181 2647 instituta

188 2695 233 2742 est
254 2682 397 2756 abdicare,
423 2684 574 2759 quomodo
596 2682 759 2755 simulacra,
783 2700 859 2758 quae
882 2701 903 2741 a
924 2683 1120 2743 daemonibus
1139 2684 1180 2743 in-
1195 2712 1230 2770 ²5

189 2789 277 2839 uenta
291 2790 366 2849 sunt,
381 2778 533 2854 repudiare
554 2798 657 2838 omnes
678 2776 729 2854 qui
745 2779 785 2838 ad
804 2780 894 2838 fidem
914 2777 1039 2839 ueniunt
1060 2798 1181 2840 necesse
1279 2799 1281 2804 ·

189 2886 250 2935 est:
284 2873 421 2933 uidelicet
442 2892 479 2932 ne
500 2875 672 2933 scandalum
695 2876 822 2933 lacerent
843 2872 957 2949 eisqui
981 2872 1058 2934 inter
1077 2885 1180 2950 gentes

189 2982 271 3033 crant
294 2971 422 3031 Iudaeis.
475 2970 545 3029 hinc
568 2983 612 3031 est
640 2970 720 3031 enim
747 2973 829 3047 quod
857 2972 966 3030 Paulus
989 2972 1180 3032 Timotheum

188 3066 378 3137 circumcidit,
400 3066 483 3141 quod
501 3066 610 3126 hostias
632 3065 664 3125 in
686 3068 797 3142 templo
816 3066 989 3139 immolauit,
1011 3068 1093 3143 quod
1111 3088 1180 3127 cum

188 3164 296 3240 Aquila
310 3174 338 3223 et
353 3162 482 3221 Priscilla
495 3173 584 3237 caput
598 3161 732 3223 Chorinti
749 3162 887 3236 totondit,
900 3164 940 3223 ad
953 3162 1026 3223 nihil
1041 3163 1180 3227 uidelicet
1193 3191 1233 3247 30

189 3260 269 3332 utile,
288 3258 344 3317 nisi
363 3260 403 3317 ad
422 3260 594 3319 scandalum
614 3258 768 3319 uitandum
790 3261 987 3320 Iudaeorum:
1007 3260 1077 3320 hinc
1098 3264 1179 3337 quod

189 3358 286 3417 eidem
300 3356 392 3415 Paulo
406 3357 533 3415 Iacobus
547 3355 605 3418 ait:
626 3362 644 3391 “
653 3356 746 3427 uides,
759 3357 853 3429 frater,
872 3368 946 3433 quot
963 3357 1044 3417 milia
1062 3370 1129 3419 sunt
1147 3359 1179 3419 in

341 3462 536 3527 ,⁶pascams.
789 3514 791 3518 .
835 3464 985 3532 ¹⁸gtrims.
