2592 3834
150 269 205 324 118
380 286 405 333 A
423 285 658 333 PESTILENCE
673 285 721 332 IN
732 283 898 334 BRITAIN.
1076 262 1135 345 [IV

593 469 694 528 XIIII

153 594 216 718 IN
239 614 298 671 quo
321 605 391 654 tunc
411 596 589 655 monasterio
610 597 754 655 nonnulla
774 594 906 654 caelestis
926 593 1034 670 gratiae
1056 594 1136 654 dona

205 691 368 767 specialiter
389 702 507 750 ostensa
528 691 616 750 luisse
636 690 832 767 perhibentur,
850 700 952 766 utpote
973 687 1024 749 ubi
1042 708 1136 766 nuper

147 789 268 862 expulsa
289 787 398 846 diaboli
420 787 586 863 tyrrannide
608 786 740 847 Christus
762 786 821 844 iam
844 806 963 863 regnare
987 799 1132 862 coeperat.

148 881 296 956 equibus
317 901 417 953 unum,
441 883 520 956 quod
543 881 615 940 mihi
636 880 887 941 reuerentissimus
910 880 1030 941 antistes
1053 870 1139 940 Acca
1165 887 1182 948 5

148 976 263 1053 saepius
276 979 380 1038 referre
394 990 423 1037 et
436 999 455 1036 a
468 978 644 1038 fidelissimis
659 977 794 1037 'eiusdem
814 977 982 1038 monasterii
1000 976 1134 1038 fratribus
1205 1015 1208 1020 ν

147 1071 203 1130 sibi
224 1074 346 1131 relatum
369 1093 496 1132 asserere
519 1075 641 1144 solebat,
664 1070 823 1133 memoriae
845 1073 985 1131 mandare
1007 1091 1135 1132 commo·

147 1167 219 1233 dum
238 1167 381 1227 duximus.
424 1170 530 1228 eodem
552 1170 642 1228 ferme
666 1178 806 1243 tempore,
825 1187 884 1242 quo
903 1166 966 1243 ipsa
984 1166 1135 1242 prouincia

147 1280 258 1321 nomen
273 1261 381 1323 Christi
398 1274 572 1339 susceperat,
591 1265 697 1322 multas
713 1261 869 1322 Brittaniae
883 1262 1047 1338 prouincias
1061 1281 1139 1321 mor.

148 1357 243 1416 talitas
270 1377 359 1417 saeua
384 1359 566 1435 corripiebat.
608 1379 685 1436 quae
719 1378 787 1418 cum
820 1361 982 1435 praefatum
1016 1377 1134 1435 quoque
1149 1360 1185 1398 1⁰

148 1454 357 1514 monasterium
373 1455 421 1514 cui
440 1466 510 1514 tunc
529 1457 657 1532 regendo
675 1454 906 1531 religiosissimus
920 1453 1028 1515 Christi
1044 1472 1135 1513 sacer·

148 1550 203 1608 dos
226 1552 372 1609 uocabulo
395 1553 497 1626 Eappa
519 1550 642 1626 praefuit
665 1561 738 1609 nutu
766 1549 882 1609 diuinae
910 1547 1134 1624 dispensationis

148 1647 311 1723 attingeret,
325 1647 475 1724 multique,
494 1647 555 1712 siue
569 1649 608 1707 de
621 1647 666 1706 his
685 1646 735 1722 qui
752 1666 819 1704 cum
838 1644 965 1704 antistite
984 1645 1034 1704 illo
1048 1663 1135 1702 uene-

148 1754 214 1800 rant
234 1742 296 1802 siue
315 1743 353 1802 de
371 1742 426 1802 illis
449 1742 499 1819 qui
520 1744 558 1802 de
579 1743 683 1802 eadem
704 1741 855 1818 prouincia
873 1743 1021 1800 Saxonum
1042 1756 1136 1812 nuper

149 1838 187 1896 ad
210 1839 298 1897 fidem
319 1840 432 1898 fuerant
454 1838 562 1911 uocati,
589 1837 698 1914 passim
725 1838 762 1896 de
789 1839 845 1896 hac
871 1835 932 1894 uita
958 1843 1134 1910 raperentur,
1149 1838 1182 1904 15

149 1932 244 1991 uisum
266 1943 310 1992 est
331 1934 464 1992 fratribus
488 1932 656 1993 triduanum
683 1931 822 1992 ieiunium
845 1949 930 2007 agere
954 1940 984 1989 et
1005 1927 1135 1987 diuinam

149 2027 318 2103 suppliciter
331 2028 483 2087 obsecrare
502 2027 696 2098 clementiam,
716 2037 749 2086 ut
766 2023 993 2084 misericordiam
1006 2021 1062 2082 sibi
1076 2022 1136 2098 dig·

150 2134 266 2182 naretur
286 2123 446 2196 inpendere
467 2134 496 2183 et
517 2122 579 2182 siue
600 2121 795 2197 periclitantes
815 2120 873 2177 hoc
894 2119 997 2176 morbo
1018 2135 1036 2175 a
1055 2135 1136 2192 prae·

150 2219 225 2278 senti
238 2230 332 2278 morte
345 2218 480 2278 liberaret
498 2238 550 2278 seu
566 2229 666 2294 raptos
679 2236 696 2276 e
711 2215 822 2274 mundo
837 2233 855 2272 a
868 2224 1008 2289 perpetua
1021 2211 1136 2271 animae

150 2313 338 2374 danmatione
352 2325 486 2372 seruaret
1149 2323 1186 2362 20

211 2412 280 2468 Erat
298 2420 369 2468 tunc
387 2408 526 2486 temporis
542 2407 573 2468 in
593 2408 701 2468 eodem
721 2401 897 2465 monasterio
918 2403 1055 2478 puerulus
1074 2399 1135 2476 qui-

150 2507 219 2564 dam
246 2505 284 2564 de
311 2505 431 2565 natione
454 2507 602 2566 Saxonum
629 2521 725 2580 nuper
750 2510 871 2560 uocatus
895 2500 933 2556 ad
961 2499 1060 2569 fidem,
1084 2495 1136 2572 qui

150 2602 255 2660 eadem
278 2612 372 2660 tactus
398 2601 565 2660 infirmitate
588 2620 650 2661 non
674 2616 770 2676 pauco
791 2607 922 2670 tempore
942 2595 1084 2652 recubans
1104 2591 1135 2674 in

149 2697 259 2756 lectulo
286 2695 408 2757 iacebat.
449 2717 516 2756 cum
544 2715 612 2773 ergo
640 2693 770 2754 secunda
796 2687 949 2748 memorati
976 2685 1076 2746 ieiunii
1100 2705 1136 2744 ac

151 2791 395 2868 supplicationum
417 2794 480 2853 dies
501 2803 641 2869 ageretur,
663 2786 785 2863 contigit
803 2788 876 2845 forte
898 2784 992 2860 ipsum
1012 2801 1136 2858 puerum
1149 2795 1183 2855 25

150 2888 223 2946 hora
236 2889 325 2947 ferme
338 2890 468 2948 secunda
485 2889 544 2949 diei
563 2887 593 2946 in
612 2889 679 2947 loco
696 2885 725 2943 in
744 2903 802 2960 quo
816 2900 902 2958 aeger
915 2880 1028 2938 iacebat
1042 2879 1136 2938 solum

151 2982 292 3042 inueniri:
319 2985 366 3042 cui
388 2984 488 3044 diuina
509 2982 701 3060 dispositione
724 2979 820 3040 subito
841 2975 1000 3038 beatissimi
1022 2987 1137 3054 aposto·

151 3081 245 3138 lorum
268 3079 414 3156 principes
440 3080 552 3157 dignati
579 3088 647 3138 sunt
673 3095 820 3153 apparere.
873 3083 933 3140 erat
960 3071 1038 3132 eninr
1066 3091 1139 3149 puer

151 3177 274 3233 multum
292 3175 434 3252 simplicis·
452 3195 488 3234 ae
509 3172 653 3234 mansueti
675 3170 765 3232 animi
786 3169 956 3244 sinceraque
979 3167 1137 3227 deuotione

150 3280 333 3331 sacramenta
354 3271 422 3330 fidei
446 3290 522 3347 quae
540 3279 705 3345 susceperat
724 3284 849 3326 seruans.
893 3265 1051 3322 salutantes
1070 3282 1138 3340 ergo
1150 3277 1189 3333 30

151 3367 233 3426 illum
254 3366 350 3427 uerbis
372 3367 509 3444 piissimis
529 3363 657 3442 apostoli
678 3363 832 3423 dicebant:
861 3357 939 3418 ‘noli
960 3356 1070 3423 timere.
1087 3356 1137 3431 fili,

563 3492 585 3524 ¹⁶
600 3509 654 3558 eger
663 3508 708 3542 ms.
