2592 3834
132 224 136 229 ’
174 246 212 301 30
278 243 435 295 aramus
456 208 652 294 corruam
674 243 750 293 rna
775 244 881 293 Wasr
897 244 1047 294 saroam
1097 226 1167 309 [ΙΙΙ

172 370 404 446 cognominatur,
432 374 530 432 loculo
553 372 685 431 inclusae
708 383 848 448 argenteo
870 371 899 430 in
922 372 1047 432 ecclesia
1068 372 1168 432 sancti

173 465 251 525 Petri
266 478 419 527 seruantur
431 487 467 526 ac
481 468 571 544 digno
585 488 603 526 a
617 468 730 527 cunctis
745 468 857 527 honore
871 479 1054 527 uenerantur.

233 563 332 623 Huius
359 564 502 624 industria
527 566 604 642 regis
633 568 781 625 Derorum
809 575 840 623 et
870 565 1070 624 Bemiciornm
1098 585 1168 642 pro·

131 678 137 703 ι
172 657 294 730 uinciae,
321 680 396 735 quae
421 672 542 721 eatenus
564 662 603 720 ab
625 660 755 720 inuicem
778 660 995 734 discordabant,
1019 661 1051 719 in
1071 682 1166 721 unam

173 765 242 813 sunt
254 775 357 831 pacem
373 767 403 817 et
417 760 498 817 uelut
513 777 605 816 unum
624 757 848 834 compaginatae
862 758 893 816 in
906 761 1058 835 populum.
1101 771 1166 819 erat
1202 780 1218 838 5

172 861 272 909 autem
286 871 380 928 nepos
394 854 523 913 Aeduini
537 853 612 929 regis
626 873 665 912 ex
678 873 778 913 sorore
796 855 890 927 Acha,
909 856 1089 931 dignumque
1109 855 1166 917 fuit

172 959 205 1008 ut
226 960 321 1009 tantus
340 970 508 1026 praecessor
526 954 616 1010 talem
634 952 759 1011 haberet
780 952 818 1009 de
838 971 891 1011 sua
908 952 1165 1029 consanguinitate

172 1054 202 1103 et
215 1041 362 1120 religionis
376 1047 515 1106 heredem
530 1057 560 1105 et
574 1046 664 1121 regni.

637 1481 701 1539 VII

178 1649 266 1773 EO
281 1660 414 1726 tempore
427 1668 499 1725 gens
514 1647 749 1709 Occidentalium
766 1651 922 1720 Saxonum,
934 1648 984 1724 qui
998 1648 1162 1725 antiquitus
1180 1678 1216 1717 10
1284 1679 1285 1684 1

265 1747 407 1807 Geuissae
428 1757 578 1817 uocantur,
597 1758 739 1821 regnante
764 1747 916 1823 Cynigilso
939 1748 1029 1806 fidem
1051 1747 1162 1807 Christi

172 1842 309 1917 suscepit,
324 1842 511 1917 praedicante
525 1841 581 1899 illis
595 1844 720 1900 uerbum
740 1842 841 1901 Birino
860 1842 1002 1919 episcopo
1022 1843 1072 1919 qui
1091 1862 1161 1901 cum

171 1938 295 2001 consilio
327 1957 423 2014 papae
454 1937 583 1997 Honorii
616 1943 740 1997 uenerat
774 1939 957 2010 Brittaniam,
987 1940 1161 2016 promittens

172 2036 292 2113 quidem
307 2054 338 2093 se
353 2034 403 2093 illo
418 2044 571 2109 praesente
585 2033 616 2091 in
630 2034 741 2094 intimis
755 2037 830 2093 ultra
843 2038 1004 2112 Anglorum
1020 2037 1160 2112 partibus,

172 2151 232 2208 quo
253 2132 349 2189 nullus
372 2131 477 2189 doctor
495 2130 710 2205 praecessisset,
732 2141 850 2189 sanctae
871 2130 941 2189 fidei
962 2131 1076 2189 semina
1096 2150 1161 2191 esse
1179 2160 1213 2217 15

172 2245 346 2302 sparsurum.
387 2226 468 2283 unde
482 2234 511 2283 et
525 2224 605 2283 iussu
626 2225 758 2285 eiusdem
776 2225 924 2301 pontificis
942 2244 995 2301 per
1012 2224 1160 2284 Asterium

171 2322 360 2380 Genuensem
379 2320 551 2395 episcopum
571 2320 601 2377 in
622 2320 808 2396 episcopatus
826 2332 1015 2379 consecratus
1036 2332 1081 2379 est
1100 2340 1163 2397 gra-

171 2420 251 2479 dum.
293 2418 344 2478 sed
368 2417 541 2477 Brittaniam
563 2416 738 2493 peruenien's
760 2437 795 2475 ac
818 2417 945 2494 primum
970 2417 1161 2477 Geuissorum

169 2525 289 2592 gentem
320 2513 486 2589 ingrediens
514 2532 583 2571 cum
610 2532 715 2572 omnes
742 2512 852 2572 ibidem
880 2512 1093 2588 paganissimos
1121 2513 1163 2572 in·
1185 2534 1188 2537 ·
1281 2587 1282 2592 ἵ

169 2612 292 2682 ueniret,
311 2610 410 2669 utilius
427 2628 491 2669 esse
509 2620 588 2668 ratus
607 2620 652 2668 est
667 2610 708 2668 ibi
728 2610 826 2685 potius
846 2612 968 2668 uerbum
988 2610 1158 2686 praedicare
1178 2642 1215 2679 20
1281 2639 1283 2679 t

170 2726 260 2782 quam
281 2709 357 2764 ultra
376 2705 566 2781 progrediens
587 2724 638 2764 eos
661 2705 766 2780 quibus
786 2705 955 2781 praedicare
977 2706 1099 2765 deberet
1119 2705 1162 2764 in-

112 2837 116 2843 ·
170 2803 291 2880 quirere.

231 2902 337 2974 Itaque
352 2896 570 2973 euangelizante
585 2896 635 2957 illo
650 2896 680 2954 in
699 2898 829 2972 praefata
847 2896 1009 2973 prouincia,
1027 2918 1095 2957 cum
1109 2917 1161 2957 rex

169 2993 233 3069 ipse
247 2992 443 3052 cathecizatus
462 2994 543 3051 fonte
562 2991 701 3068 baptismi
719 3012 787 3051 cum
804 3012 857 3051 sua
874 3003 963 3069 gente
983 2990 1158 3067 ablueretur,

170 3088 293 3165 contigit
320 3099 392 3147 tunc
418 3088 558 3164 temporis
586 3086 802 3146 sanctissimum
826 3107 862 3145 ac
884 3087 1159 3147 uictoriosissimum
1175 3117 1207 3176 ²5

168 3203 267 3259 regem
290 3184 604 3259 Nordanhymbrorum
631 3184 796 3243 Osualdum
818 3183 946 3243 adfuisse
970 3201 1098 3257 eumque
1120 3185 1159 3242 de

168 3281 285 3337 lauacro
312 3290 467 3337 exeuntem
495 3278 659 3354 suscepisse
692 3297 728 3336 ac
758 3278 954 3354 pulcherrimo
981 3296 1100 3354 prorsus
1128 3292 1159 3339 et

168 3376 341 3451 deodigno
364 3374 521 3449 consorti0,
546 3374 628 3433 cuius
651 3386 712 3434 erat
734 3373 824 3433 filiam
846 3385 1019 3451 accepturus
1039 3373 1070 3433 in
1088 3393 1159 3433 con·

73 3484 77 3495 '
166 3473 273 3548 iugem,
298 3472 393 3547 ipsum
426 3470 505 3547 prius
533 3472 663 3530 secunda
690 3471 879 3547 generatione
906 3472 965 3532 deo
987 3471 1155 3532 dedicatum
