<?xml version="1.0" encoding="UTF-8"?>
<!DOCTYPE html PUBLIC "-//W3C//DTD XHTML 1.0 Transitional//EN"
    "http://www.w3.org/TR/xhtml1/DTD/xhtml1-transitional.dtd">
<html xmlns="http://www.w3.org/1999/xhtml" xml:lang="en" lang="en">
 <head>
  <title>
</title>
<meta http-equiv="Content-Type" content="text/html;charset=utf-8" />
  <meta name='ocr-system' content='tesseract 3.04.00' />
  <meta name='ocr-capabilities' content='ocr_page ocr_carea ocr_par ocr_line ocrx_word'/>
</head>
<body>
  <div class='ocr_page' id='page_1' title='image "./historiaeeccles00lumbgoog_0198.png"; bbox 0 0 2592 3834; ppageno 0'>
   <div class='ocr_carea' id='block_1_1' title="bbox 160 195 946 288">
    <p class='ocr_par' dir='ltr' id='par_1_1' title="bbox 160 195 946 288">
     <span class='ocr_line' id='line_1_1' title="bbox 160 195 946 288; baseline -0.001 -15"><span class='ocrx_word' id='word_1_1' title='bbox 160 231 216 288; x_wconf 80' lang='lat'><strong>174</strong></span> <span class='ocrx_word' id='word_1_2' title='bbox 356 225 646 277; x_wconf 68' lang='lat' dir='ltr'><strong>conrrxuxrrom</strong></span> <span class='ocrx_word' id='word_1_3' title='bbox 666 195 946 275; x_wconf 66' lang='lat' dir='ltr'><strong>on&#39;crrxonucza</strong></span> 
     </span>
    </p>
   </div>
   <div class='ocr_carea' id='block_1_2' title="bbox 159 541 1224 716">
    <p class='ocr_par' dir='ltr' id='par_1_2' title="bbox 159 541 1224 716">
     <span class='ocr_line' id='line_1_2' title="bbox 159 541 1224 667; baseline 0.003 -66"><span class='ocrx_word' id='word_1_4' title='bbox 159 544 283 667; x_wconf 76' lang='lat' dir='ltr'><strong>ANN</strong></span> <span class='ocrx_word' id='word_1_5' title='bbox 285 544 313 604; x_wconf 93' lang='lat'>0</span> <span class='ocrx_word' id='word_1_6' title='bbox 328 541 450 648; x_wconf 83' lang='lat' dir='ltr'>dccxxxi</span> <span class='ocrx_word' id='word_1_7' title='bbox 464 542 606 603; x_wconf 86' lang='lat' dir='ltr'><strong>Ceoluuls</strong></span> <span class='ocrx_word' id='word_1_8' title='bbox 615 563 667 603; x_wconf 87' lang='lat' dir='ltr'><strong>rex</strong></span> <span class='ocrx_word' id='word_1_9' title='bbox 680 554 783 620; x_wconf 91' lang='lat' dir='ltr'><strong>captus</strong></span> <span class='ocrx_word' id='word_1_10' title='bbox 799 553 829 604; x_wconf 91' lang='lat' dir='ltr'><strong>et</strong></span> <span class='ocrx_word' id='word_1_11' title='bbox 845 545 987 604; x_wconf 85' lang='lat' dir='ltr'><strong>adtonsus</strong></span> <span class='ocrx_word' id='word_1_12' title='bbox 1005 553 1036 604; x_wconf 85' lang='lat' dir='ltr'><strong>ct</strong></span> <span class='ocrx_word' id='word_1_13' title='bbox 1054 541 1152 604; x_wconf 88' lang='lat' dir='ltr'><strong>remis·</strong></span> <span class='ocrx_word' id='word_1_14' title='bbox 1221 575 1224 580; x_wconf 95' lang='lat'>·</span> 
     </span>
     <span class='ocr_line' id='line_1_3' title="bbox 263 638 1124 716; baseline 0 -19"><span class='ocrx_word' id='word_1_15' title='bbox 263 655 313 698; x_wconf 92' lang='lat' dir='ltr'><strong>sus</strong></span> <span class='ocrx_word' id='word_1_16' title='bbox 327 657 358 697; x_wconf 84' lang='lat' dir='ltr'><strong>nr</strong></span> <span class='ocrx_word' id='word_1_17' title='bbox 370 657 513 715; x_wconf 81' lang='lat' dir='ltr'><strong>regnum3</strong></span> <span class='ocrx_word' id='word_1_18' title='bbox 532 641 614 698; x_wconf 87' lang='lat' dir='ltr'><strong>Acca</strong></span> <span class='ocrx_word' id='word_1_19' title='bbox 627 638 783 716; x_wconf 90' lang='lat' dir='ltr'><strong>episcopus</strong></span> <span class='ocrx_word' id='word_1_20' title='bbox 797 641 836 699; x_wconf 91' lang='lat' dir='ltr'><strong>de</strong></span> <span class='ocrx_word' id='word_1_21' title='bbox 850 659 903 700; x_wconf 87' lang='lat' dir='ltr'><strong>sua</strong></span> <span class='ocrx_word' id='word_1_22' title='bbox 917 640 987 700; x_wconf 86' lang='lat' dir='ltr'><strong>sede</strong></span> <span class='ocrx_word' id='word_1_23' title='bbox 1000 641 1124 716; x_wconf 85' lang='lat' dir='ltr'><strong>fugatus.</strong></span> 
     </span>
    </p>
   </div>
   <div class='ocr_carea' id='block_1_3' title="bbox 218 768 1108 863">
    <p class='ocr_par' dir='ltr' id='par_1_3' title="bbox 218 768 1108 863">
     <span class='ocr_line' id='line_1_4' title="bbox 218 768 1108 863; baseline 0.002 -35"><span class='ocrx_word' id='word_1_24' title='bbox 218 772 309 829; x_wconf 91' lang='lat' dir='ltr'><strong>Anno</strong></span> <span class='ocrx_word' id='word_1_25' title='bbox 317 769 457 863; x_wconf 86' lang='lat' dir='ltr'>dccxxxii</span> <span class='ocrx_word' id='word_1_26' title='bbox 471 768 616 846; x_wconf 87' lang='lat' dir='ltr'><strong>Ecgberct</strong></span> <span class='ocrx_word' id='word_1_27' title='bbox 629 789 683 846; x_wconf 93' lang='lat' dir='ltr'><strong>pro</strong></span> <span class='ocrx_word' id='word_1_28' title='bbox 696 768 822 830; x_wconf 89' lang='lat' dir='ltr'><strong>Vilfrido</strong></span> <span class='ocrx_word' id='word_1_29' title='bbox 836 769 993 846; x_wconf 88' lang='lat' dir='ltr'><strong>episcopus</strong></span> <span class='ocrx_word' id='word_1_30' title='bbox 1005 771 1108 831; x_wconf 87' lang='lat' dir='ltr'><strong>factus.</strong></span> 
     </span>
    </p>
   </div>
   <div class='ocr_carea' id='block_1_4' title="bbox 127 973 1202 1184">
    <p class='ocr_par' dir='ltr' id='par_1_4' title="bbox 127 973 1202 1184">
     <span class='ocr_line' id='line_1_5' title="bbox 127 973 1202 1075; baseline 0 -18"><span class='ocrx_word' id='word_1_31' title='bbox 127 973 133 983; x_wconf 40' lang='grc'><strong><em>’</em></strong></span> <span class='ocrx_word' id='word_1_32' title='bbox 159 999 263 1058; x_wconf 88' lang='lat' dir='ltr'><strong>horam</strong></span> <span class='ocrx_word' id='word_1_33' title='bbox 277 997 336 1059; x_wconf 92' lang='lat' dir='ltr'><strong>diei</strong></span> <span class='ocrx_word' id='word_1_34' title='bbox 349 999 472 1071; x_wconf 81' lang='lat' dir='ltr'><strong>tertiam,</strong></span> <span class='ocrx_word' id='word_1_35' title='bbox 487 997 529 1058; x_wconf 88' lang='lat' dir='ltr'><strong>ita</strong></span> <span class='ocrx_word' id='word_1_36' title='bbox 541 1008 574 1057; x_wconf 90' lang='lat' dir='ltr'><strong>ut</strong></span> <span class='ocrx_word' id='word_1_37' title='bbox 587 1017 665 1075; x_wconf 90' lang='lat' dir='ltr'><strong>pene</strong></span> <span class='ocrx_word' id='word_1_38' title='bbox 678 1008 758 1058; x_wconf 92' lang='lat' dir='ltr'><strong>totus</strong></span> <span class='ocrx_word' id='word_1_39' title='bbox 772 997 850 1057; x_wconf 93' lang='lat' dir='ltr'><strong>orbis</strong></span> <span class='ocrx_word' id='word_1_40' title='bbox 869 996 939 1057; x_wconf 89' lang='lat' dir='ltr'><strong>solis</strong></span> <span class='ocrx_word' id='word_1_41' title='bbox 960 997 1043 1073; x_wconf 84' lang='lat' dir='ltr'><strong>quasi</strong></span> <span class='ocrx_word' id='word_1_42' title='bbox 1062 996 1153 1074; x_wconf 83' lang='lat' dir='ltr'><strong>niger·</strong></span> <span class='ocrx_word' id='word_1_43' title='bbox 1186 1009 1202 1068; x_wconf 85' lang='lat'>5</span> 
     </span>
     <span class='ocr_line' id='line_1_6' title="bbox 160 1094 956 1184; baseline -0.003 -29"><span class='ocrx_word' id='word_1_44' title='bbox 160 1095 235 1155; x_wconf 89' lang='lat' dir='ltr'><strong>rimo</strong></span> <span class='ocrx_word' id='word_1_45' title='bbox 246 1107 279 1184; x_wconf 75' lang='lat' dir='ltr'><strong>et</strong></span> <span class='ocrx_word' id='word_1_46' title='bbox 292 1097 441 1157; x_wconf 91' lang='lat' dir='ltr'><strong>horrendo</strong></span> <span class='ocrx_word' id='word_1_47' title='bbox 454 1107 538 1156; x_wconf 92' lang='lat' dir='ltr'><strong>scuto</strong></span> <span class='ocrx_word' id='word_1_48' title='bbox 551 1094 701 1156; x_wconf 88' lang='lat' dir='ltr'><strong>uideretur</strong></span> <span class='ocrx_word' id='word_1_49' title='bbox 714 1114 779 1155; x_wconf 89' lang='lat' dir='ltr'><strong>esse</strong></span> <span class='ocrx_word' id='word_1_50' title='bbox 793 1107 956 1170; x_wconf 86' lang='lat' dir='ltr'><strong>coopertus.</strong></span> 
     </span>
    </p>
   </div>
   <div class='ocr_carea' id='block_1_5' title="bbox 160 1222 1153 1493">
    <p class='ocr_par' dir='ltr' id='par_1_5' title="bbox 160 1222 1153 1493">
     <span class='ocr_line' id='line_1_7' title="bbox 220 1222 1152 1303; baseline -0.003 -18"><span class='ocrx_word' id='word_1_51' title='bbox 220 1229 310 1287; x_wconf 92' lang='lat' dir='ltr'><strong>Anno</strong></span> <span class='ocrx_word' id='word_1_52' title='bbox 335 1225 487 1286; x_wconf 85' lang='lat' dir='ltr'>dccxxxiiii</span> <span class='ocrx_word' id='word_1_53' title='bbox 514 1226 593 1298; x_wconf 89' lang='lat' dir='ltr'><strong>luna,</strong></span> <span class='ocrx_word' id='word_1_54' title='bbox 617 1226 780 1303; x_wconf 89' lang='lat' dir='ltr'><strong>sanguineo</strong></span> <span class='ocrx_word' id='word_1_55' title='bbox 803 1225 909 1285; x_wconf 85' lang='lat' dir='ltr'>rubore</span> <span class='ocrx_word' id='word_1_56' title='bbox 930 1225 1046 1300; x_wconf 88' lang='lat' dir='ltr'><strong>perfusa</strong></span> <span class='ocrx_word' id='word_1_57' title='bbox 1069 1222 1152 1299; x_wconf 88' lang='lat' dir='ltr'><strong>quasi</strong></span> 
     </span>
     <span class='ocr_line' id='line_1_8' title="bbox 160 1317 1153 1404; baseline -0.001 -25"><span class='ocrx_word' id='word_1_58' title='bbox 160 1321 233 1380; x_wconf 90' lang='lat' dir='ltr'><strong>hora</strong></span> <span class='ocrx_word' id='word_1_59' title='bbox 246 1320 358 1398; x_wconf 86' lang='lat' dir='ltr'><strong>integra</strong></span> <span class='ocrx_word' id='word_1_60' title='bbox 371 1320 391 1380; x_wconf 88' lang='lat' dir='ltr'><strong>ii</strong></span> <span class='ocrx_word' id='word_1_61' title='bbox 404 1320 453 1379; x_wconf 83' lang='lat' dir='ltr'><strong>kal</strong></span> <span class='ocrx_word' id='word_1_62' title='bbox 467 1320 544 1380; x_wconf 90' lang='lat' dir='ltr'>Febr</span> <span class='ocrx_word' id='word_1_63' title='bbox 557 1321 635 1404; x_wconf 83' lang='lat' dir='ltr'><strong>circa</strong></span> <span class='ocrx_word' id='word_1_64' title='bbox 652 1319 721 1396; x_wconf 86' lang='lat' dir='ltr'><strong>galli</strong></span> <span class='ocrx_word' id='word_1_65' title='bbox 735 1330 863 1394; x_wconf 87' lang='lat' dir='ltr'><strong>cantum,</strong></span> <span class='ocrx_word' id='word_1_66' title='bbox 879 1318 989 1381; x_wconf 88' lang='lat' dir='ltr'><strong>dehinc</strong></span> <span class='ocrx_word' id='word_1_67' title='bbox 1002 1317 1153 1396; x_wconf 87' lang='lat' dir='ltr'>nigredine</span> 
     </span>
     <span class='ocr_line' id='line_1_9' title="bbox 161 1415 821 1493; baseline -0.002 -18"><span class='ocrx_word' id='word_1_68' title='bbox 161 1416 360 1493; x_wconf 87' lang='lat' dir='ltr'><strong>subsequente</strong></span> <span class='ocrx_word' id='word_1_69' title='bbox 373 1417 413 1476; x_wconf 89' lang='lat' dir='ltr'><strong>ad</strong></span> <span class='ocrx_word' id='word_1_70' title='bbox 425 1417 523 1475; x_wconf 87' lang='lat' dir='ltr'><strong>lucem</strong></span> <span class='ocrx_word' id='word_1_71' title='bbox 536 1415 683 1492; x_wconf 87' lang='lat' dir='ltr'><strong>propriam</strong></span> <span class='ocrx_word' id='word_1_72' title='bbox 697 1434 821 1475; x_wconf 86' lang='lat' dir='ltr'><strong>reuersa</strong></span> 
     </span>
    </p>
   </div>
   <div class='ocr_carea' id='block_1_6' title="bbox 212 1567 1205 1637">
    <p class='ocr_par' dir='ltr' id='par_1_6' title="bbox 212 1567 1205 1637">
     <span class='ocr_line' id='line_1_10' title="bbox 212 1567 1205 1637; baseline 0 -16"><span class='ocrx_word' id='word_1_73' title='bbox 212 1568 297 1622; x_wconf 89' lang='lat' dir='ltr'><strong>Anno</strong></span> <span class='ocrx_word' id='word_1_74' title='bbox 309 1569 410 1622; x_wconf 89' lang='lat' dir='ltr'><strong>eodem</strong></span> <span class='ocrx_word' id='word_1_75' title='bbox 421 1567 534 1621; x_wconf 89' lang='lat' dir='ltr'><strong>Tatuini</strong></span> <span class='ocrx_word' id='word_1_76' title='bbox 547 1567 694 1637; x_wconf 88' lang='lat' dir='ltr'><strong>episcopus</strong></span> <span class='ocrx_word' id='word_1_77' title='bbox 708 1568 783 1622; x_wconf 90' lang='lat' dir='ltr'><strong>obiit.</strong></span> <span class='ocrx_word' id='word_1_78' title='bbox 1170 1569 1205 1607; x_wconf 86' lang='lat'><strong>10</strong></span> 
     </span>
    </p>
   </div>
   <div class='ocr_carea' id='block_1_7' title="bbox 161 1669 1260 2023">
    <p class='ocr_par' dir='ltr' id='par_1_7' title="bbox 161 1669 1260 2023">
     <span class='ocr_line' id='line_1_11' title="bbox 214 1669 1260 1738; baseline -0.001 -16"><span class='ocrx_word' id='word_1_79' title='bbox 214 1670 297 1722; x_wconf 90' lang='lat' dir='ltr'><strong>Anno</strong></span> <span class='ocrx_word' id='word_1_80' title='bbox 310 1671 433 1724; x_wconf 78' lang='lat' dir='ltr'><strong>decrorxu</strong></span> <span class='ocrx_word' id='word_1_81' title='bbox 446 1670 614 1724; x_wconf 88' lang='lat' dir='ltr'><strong>Nothelmus</strong></span> <span class='ocrx_word' id='word_1_82' title='bbox 626 1670 851 1738; x_wconf 88' lang='lat' dir='ltr'><strong>archiepiscopus</strong></span> <span class='ocrx_word' id='word_1_83' title='bbox 864 1669 1022 1734; x_wconf 89' lang='lat' dir='ltr'><strong>ordinatur;</strong></span> <span class='ocrx_word' id='word_1_84' title='bbox 1041 1677 1068 1722; x_wconf 90' lang='lat' dir='ltr'><strong>et</strong></span> <span class='ocrx_word' id='word_1_85' title='bbox 1082 1669 1153 1735; x_wconf 87' lang='lat' dir='ltr'><strong>Ecg-</strong></span> <span class='ocrx_word' id='word_1_86' title='bbox 1256 1683 1260 1688; x_wconf 91' lang='lat'>·</span> 
     </span>
     <span class='ocr_line' id='line_1_12' title="bbox 161 1737 1154 1808; baseline -0.002 -16"><span class='ocrx_word' id='word_1_87' title='bbox 161 1737 273 1792; x_wconf 87' lang='lat' dir='ltr'><strong>berctus</strong></span> <span class='ocrx_word' id='word_1_88' title='bbox 285 1740 442 1808; x_wconf 86' lang='lat' dir='ltr'><strong>episcopus,</strong></span> <span class='ocrx_word' id='word_1_89' title='bbox 452 1749 568 1807; x_wconf 88' lang='lat' dir='ltr'><strong>accepto</strong></span> <span class='ocrx_word' id='word_1_90' title='bbox 580 1740 618 1792; x_wconf 90' lang='lat' dir='ltr'><strong>ab</strong></span> <span class='ocrx_word' id='word_1_91' title='bbox 630 1739 785 1808; x_wconf 89' lang='lat' dir='ltr'><strong>apostolica</strong></span> <span class='ocrx_word' id='word_1_92' title='bbox 798 1739 864 1792; x_wconf 87' lang='lat' dir='ltr'><strong>sede</strong></span> <span class='ocrx_word' id='word_1_93' title='bbox 876 1739 961 1808; x_wconf 86' lang='lat' dir='ltr'><strong>pallio</strong></span> <span class='ocrx_word' id='word_1_94' title='bbox 973 1739 1079 1808; x_wconf 90' lang='lat' dir='ltr'><strong>primus</strong></span> <span class='ocrx_word' id='word_1_95' title='bbox 1090 1749 1154 1806; x_wconf 88' lang='lat' dir='ltr'><strong>post</strong></span> 
     </span>
     <span class='ocr_line' id='line_1_13' title="bbox 164 1807 1154 1877; baseline 0 -17"><span class='ocrx_word' id='word_1_96' title='bbox 164 1808 310 1861; x_wconf 87' lang='lat' dir='ltr'><strong>Paulinum</strong></span> <span class='ocrx_word' id='word_1_97' title='bbox 331 1809 360 1861; x_wconf 91' lang='lat' dir='ltr'><strong>in</strong></span> <span class='ocrx_word' id='word_1_98' title='bbox 379 1807 648 1877; x_wconf 88' lang='lat' dir='ltr'><strong>archiepiscopatum</strong></span> <span class='ocrx_word' id='word_1_99' title='bbox 672 1808 851 1862; x_wconf 86' lang='lat' dir='ltr'><strong>confirmatus</strong></span> <span class='ocrx_word' id='word_1_100' title='bbox 875 1817 933 1874; x_wconf 90' lang='lat' dir='ltr'><strong>est;</strong></span> <span class='ocrx_word' id='word_1_101' title='bbox 959 1808 1154 1876; x_wconf 90' lang='lat' dir='ltr'><strong>ordinauitque</strong></span> 
     </span>
     <span class='ocr_line' id='line_1_14' title="bbox 163 1877 1155 2000; baseline 0 -70"><span class='ocrx_word' id='word_1_102' title='bbox 163 1877 359 2000; x_wconf 54' lang='lat' dir='ltr'><strong>Fpuidbertum</strong></span> <span class='ocrx_word' id='word_1_103' title='bbox 378 1886 407 1931; x_wconf 89' lang='lat' dir='ltr'><strong>et</strong></span> <span class='ocrx_word' id='word_1_104' title='bbox 427 1878 451 1930; x_wconf 88' lang='lat' dir='ltr'>F</span> <span class='ocrx_word' id='word_1_105' title='bbox 452 1877 648 1931; x_wconf 88' lang='lat' dir='ltr'><strong>ruiduualdum</strong></span> <span class='ocrx_word' id='word_1_106' title='bbox 669 1878 822 1948; x_wconf 91' lang='lat' dir='ltr'><strong>episcopos,</strong></span> <span class='ocrx_word' id='word_1_107' title='bbox 845 1887 872 1932; x_wconf 90' lang='lat' dir='ltr'><strong>et</strong></span> <span class='ocrx_word' id='word_1_108' title='bbox 896 1878 993 1932; x_wconf 89' lang='lat' dir='ltr'><strong>Baeda</strong></span> <span class='ocrx_word' id='word_1_109' title='bbox 1012 1878 1155 1947; x_wconf 89' lang='lat' dir='ltr'><strong>presbyter</strong></span> 
     </span>
     <span class='ocr_line' id='line_1_15' title="bbox 162 1957 1204 2023; baseline 0.003 -22"><span class='ocrx_word' id='word_1_110' title='bbox 162 1965 180 2001; x_wconf 92' lang='lat' dir='ltr'><strong>o</strong></span> <span class='ocrx_word' id='word_1_111' title='bbox 200 1957 239 2002; x_wconf 87' lang='lat' dir='ltr'><strong>nt.</strong></span> <span class='ocrx_word' id='word_1_112' title='bbox 1171 1965 1204 2023; x_wconf 82' lang='lat'><strong>15</strong></span> 
     </span>
    </p>
   </div>
   <div class='ocr_carea' id='block_1_8' title="bbox 164 2047 1155 2189">
    <p class='ocr_par' dir='ltr' id='par_1_8' title="bbox 164 2047 1155 2189">
     <span class='ocr_line' id='line_1_16' title="bbox 214 2047 1155 2112; baseline 0.002 -10"><span class='ocrx_word' id='word_1_113' title='bbox 214 2050 298 2103; x_wconf 89' lang='lat' dir='ltr'><strong>Anno</strong></span> <span class='ocrx_word' id='word_1_114' title='bbox 317 2047 460 2103; x_wconf 81' lang='lat' dir='ltr'><strong>dccxroruii</strong></span> <span class='ocrx_word' id='word_1_115' title='bbox 477 2049 564 2103; x_wconf 89' lang='lat' dir='ltr'><strong>nimia</strong></span> <span class='ocrx_word' id='word_1_116' title='bbox 581 2048 694 2103; x_wconf 86' lang='lat' dir='ltr'><strong>siccitas</strong></span> <span class='ocrx_word' id='word_1_117' title='bbox 711 2057 815 2103; x_wconf 87' lang='lat' dir='ltr'><strong>terram</strong></span> <span class='ocrx_word' id='word_1_118' title='bbox 831 2049 897 2104; x_wconf 88' lang='lat' dir='ltr'><strong>fecit</strong></span> <span class='ocrx_word' id='word_1_119' title='bbox 915 2048 1108 2112; x_wconf 65' lang='lat' dir='ltr'><strong>infecundam</strong></span> <span class='ocrx_word' id='word_1_120' title='bbox 1126 2059 1155 2104; x_wconf 87' lang='lat' dir='ltr'><strong>et</strong></span> 
     </span>
     <span class='ocr_line' id='line_1_17' title="bbox 164 2119 1127 2189; baseline -0.003 -13"><span class='ocrx_word' id='word_1_121' title='bbox 164 2120 322 2176; x_wconf 83' lang='lat' dir='ltr'><strong>Ceoluultus</strong></span> <span class='ocrx_word' id='word_1_122' title='bbox 335 2135 387 2172; x_wconf 88' lang='lat' dir='ltr'><strong>sua</strong></span> <span class='ocrx_word' id='word_1_123' title='bbox 397 2121 541 2173; x_wconf 88' lang='lat' dir='ltr'><strong>uoluntate</strong></span> <span class='ocrx_word' id='word_1_124' title='bbox 553 2119 697 2187; x_wconf 85' lang='lat' dir='ltr'><strong>adtonsus,</strong></span> <span class='ocrx_word' id='word_1_125' title='bbox 709 2136 826 2188; x_wconf 84' lang='lat' dir='ltr'><strong>regnum</strong></span> <span class='ocrx_word' id='word_1_126' title='bbox 838 2120 998 2174; x_wconf 89' lang='lat' dir='ltr'><strong>Eadbercto</strong></span> <span class='ocrx_word' id='word_1_127' title='bbox 1009 2119 1127 2189; x_wconf 89' lang='lat' dir='ltr'><strong>reliquit.</strong></span> 
     </span>
    </p>
   </div>
   <div class='ocr_carea' id='block_1_9' title="bbox 161 2218 1156 2358">
    <p class='ocr_par' dir='ltr' id='par_1_9' title="bbox 161 2218 1156 2358">
     <span class='ocr_line' id='line_1_18' title="bbox 213 2218 1156 2284; baseline 0.001 -12"><span class='ocrx_word' id='word_1_128' title='bbox 213 2220 297 2272; x_wconf 89' lang='lat' dir='ltr'><strong>Anno</strong></span> <span class='ocrx_word' id='word_1_129' title='bbox 310 2219 442 2273; x_wconf 88' lang='lat' dir='ltr'><strong>dccxxxix</strong></span> <span class='ocrx_word' id='word_1_130' title='bbox 455 2218 616 2272; x_wconf 85' lang='lat' dir='ltr'><strong>Edilhartus</strong></span> <span class='ocrx_word' id='word_1_131' title='bbox 626 2219 850 2273; x_wconf 81' lang='lat' dir='ltr'><strong>occidentalium</strong></span> <span class='ocrx_word' id='word_1_132' title='bbox 860 2219 1002 2273; x_wconf 89' lang='lat' dir='ltr'><strong>Saxonum</strong></span> <span class='ocrx_word' id='word_1_133' title='bbox 1010 2235 1059 2272; x_wconf 87' lang='lat' dir='ltr'><strong>rex</strong></span> <span class='ocrx_word' id='word_1_134' title='bbox 1070 2218 1156 2284; x_wconf 87' lang='lat' dir='ltr'><strong>obiit;</strong></span> 
     </span>
     <span class='ocr_line' id='line_1_19' title="bbox 161 2288 613 2358; baseline 0 -16"><span class='ocrx_word' id='word_1_135' title='bbox 161 2296 190 2342; x_wconf 91' lang='lat' dir='ltr'><strong>et</strong></span> <span class='ocrx_word' id='word_1_136' title='bbox 202 2290 229 2342; x_wconf 95' lang='lat' dir='ltr'>N</span> <span class='ocrx_word' id='word_1_137' title='bbox 232 2290 370 2344; x_wconf 84' lang='lat' dir='ltr'><strong>othelmus</strong></span> <span class='ocrx_word' id='word_1_138' title='bbox 382 2288 613 2358; x_wconf 89' lang='lat' dir='ltr'><strong>archiepiscopus.</strong></span> 
     </span>
    </p>
   </div>
   <div class='ocr_carea' id='block_1_10' title="bbox 161 2389 1206 2827">
    <p class='ocr_par' dir='ltr' id='par_1_10' title="bbox 161 2389 1206 2827">
     <span class='ocr_line' id='line_1_20' title="bbox 213 2389 1206 2460; baseline 0.002 -18"><span class='ocrx_word' id='word_1_139' title='bbox 213 2389 297 2443; x_wconf 91' lang='lat' dir='ltr'><strong>Anno</strong></span> <span class='ocrx_word' id='word_1_140' title='bbox 327 2391 407 2444; x_wconf 91' lang='lat' dir='ltr'>dccxl</span> <span class='ocrx_word' id='word_1_141' title='bbox 432 2390 606 2444; x_wconf 90' lang='lat' dir='ltr'><strong>Cudberctus</strong></span> <span class='ocrx_word' id='word_1_142' title='bbox 634 2407 686 2460; x_wconf 91' lang='lat' dir='ltr'><strong>pro</strong></span> <span class='ocrx_word' id='word_1_143' title='bbox 712 2390 865 2444; x_wconf 91' lang='lat' dir='ltr'><strong>Nothelmo</strong></span> <span class='ocrx_word' id='word_1_144' title='bbox 895 2400 1073 2445; x_wconf 85' lang='lat' dir='ltr'><strong>consecratus</strong></span> <span class='ocrx_word' id='word_1_145' title='bbox 1102 2399 1152 2445; x_wconf 94' lang='lat' dir='ltr'><strong>est.</strong></span> <span class='ocrx_word' id='word_1_146' title='bbox 1169 2407 1206 2444; x_wconf 88' lang='lat'><strong>20</strong></span> 
     </span>
     <span class='ocr_line' id='line_1_21' title="bbox 161 2458 1154 2529; baseline 0.003 -19"><span class='ocrx_word' id='word_1_147' title='bbox 161 2458 347 2512; x_wconf 86' lang='lat' dir='ltr'><strong>Aedilbaldus</strong></span> <span class='ocrx_word' id='word_1_148' title='bbox 365 2477 413 2514; x_wconf 89' lang='lat' dir='ltr'><strong>rex</strong></span> <span class='ocrx_word' id='word_1_149' title='bbox 427 2461 597 2514; x_wconf 89' lang='lat' dir='ltr'><strong>Merciorum</strong></span> <span class='ocrx_word' id='word_1_150' title='bbox 609 2476 660 2528; x_wconf 91' lang='lat' dir='ltr'><strong>per</strong></span> <span class='ocrx_word' id='word_1_151' title='bbox 676 2460 792 2528; x_wconf 88' lang='lat' dir='ltr'><strong>impiam</strong></span> <span class='ocrx_word' id='word_1_152' title='bbox 804 2459 931 2513; x_wconf 81' lang='lat' dir='ltr'><strong>fraudem</strong></span> <span class='ocrx_word' id='word_1_153' title='bbox 943 2461 1074 2514; x_wconf 89' lang='lat' dir='ltr'><strong>uastabat</strong></span> <span class='ocrx_word' id='word_1_154' title='bbox 1092 2477 1154 2529; x_wconf 91' lang='lat' dir='ltr'><strong>par·</strong></span> 
     </span>
     <span class='ocr_line' id='line_1_22' title="bbox 162 2529 1154 2599; baseline 0.004 -19"><span class='ocrx_word' id='word_1_155' title='bbox 162 2537 220 2580; x_wconf 84' lang='lat' dir='ltr'><strong>tem</strong></span> <span class='ocrx_word' id='word_1_156' title='bbox 239 2529 266 2580; x_wconf 91' lang='lat' dir='ltr'>N</span> <span class='ocrx_word' id='word_1_157' title='bbox 270 2529 554 2596; x_wconf 87' lang='lat' dir='ltr'><strong>ordanhymbrorum;</strong></span> <span class='ocrx_word' id='word_1_158' title='bbox 570 2540 686 2599; x_wconf 88' lang='lat' dir='ltr'><strong>eratque</strong></span> <span class='ocrx_word' id='word_1_159' title='bbox 703 2546 751 2583; x_wconf 90' lang='lat' dir='ltr'><strong>rex</strong></span> <span class='ocrx_word' id='word_1_160' title='bbox 768 2546 864 2582; x_wconf 90' lang='lat' dir='ltr'><strong>eorum</strong></span> <span class='ocrx_word' id='word_1_161' title='bbox 883 2530 1058 2583; x_wconf 89' lang='lat' dir='ltr'><strong>Eadberctus</strong></span> <span class='ocrx_word' id='word_1_162' title='bbox 1073 2547 1154 2584; x_wconf 90' lang='lat' dir='ltr'><strong>occu·</strong></span> 
     </span>
     <span class='ocr_line' id='line_1_23' title="bbox 161 2598 1154 2668; baseline 0.005 -20"><span class='ocrx_word' id='word_1_163' title='bbox 161 2606 244 2664; x_wconf 90' lang='lat' dir='ltr'><strong>patus</strong></span> <span class='ocrx_word' id='word_1_164' title='bbox 265 2614 329 2650; x_wconf 91' lang='lat' dir='ltr'><strong>cum</strong></span> <span class='ocrx_word' id='word_1_165' title='bbox 351 2614 402 2651; x_wconf 93' lang='lat' dir='ltr'><strong>suo</strong></span> <span class='ocrx_word' id='word_1_166' title='bbox 422 2599 543 2653; x_wconf 89' lang='lat' dir='ltr'><strong>exercitu</strong></span> <span class='ocrx_word' id='word_1_167' title='bbox 562 2609 659 2653; x_wconf 89' lang='lat' dir='ltr'><strong>contra</strong></span> <span class='ocrx_word' id='word_1_168' title='bbox 680 2598 782 2652; x_wconf 90' lang='lat' dir='ltr'><strong>Pictos.</strong></span> <span class='ocrx_word' id='word_1_169' title='bbox 818 2598 1020 2653; x_wconf 84' lang='lat' dir='ltr'><strong>Aediluualdus</strong></span> <span class='ocrx_word' id='word_1_170' title='bbox 1044 2611 1154 2668; x_wconf 91' lang='lat' dir='ltr'><strong>quoque</strong></span> 
     </span>
     <span class='ocr_line' id='line_1_24' title="bbox 161 2666 1154 2736; baseline 0.002 -16"><span class='ocrx_word' id='word_1_171' title='bbox 161 2666 309 2735; x_wconf 86' lang='lat' dir='ltr'><strong>episcopus</strong></span> <span class='ocrx_word' id='word_1_172' title='bbox 322 2667 398 2732; x_wconf 76' lang='lat' dir='ltr'><strong>obiit,</strong></span> <span class='ocrx_word' id='word_1_173' title='bbox 410 2677 439 2721; x_wconf 90' lang='lat' dir='ltr'><strong>et</strong></span> <span class='ocrx_word' id='word_1_174' title='bbox 450 2685 500 2736; x_wconf 92' lang='lat' dir='ltr'><strong>pro</strong></span> <span class='ocrx_word' id='word_1_175' title='bbox 512 2684 547 2722; x_wconf 90' lang='lat' dir='ltr'><strong>eo</strong></span> <span class='ocrx_word' id='word_1_176' title='bbox 557 2668 711 2723; x_wconf 87' lang='lat' dir='ltr'><strong>Conuulsus</strong></span> <span class='ocrx_word' id='word_1_177' title='bbox 721 2669 863 2722; x_wconf 90' lang='lat' dir='ltr'><strong>ordinatur</strong></span> <span class='ocrx_word' id='word_1_178' title='bbox 874 2669 1000 2724; x_wconf 89' lang='lat' dir='ltr'><strong>antistes.</strong></span> <span class='ocrx_word' id='word_1_179' title='bbox 1029 2669 1154 2722; x_wconf 88' lang='lat' dir='ltr'><strong>Aruwini</strong></span> 
     </span>
     <span class='ocr_line' id='line_1_25' title="bbox 161 2736 1202 2827; baseline 0.001 -36"><span class='ocrx_word' id='word_1_180' title='bbox 161 2743 191 2791; x_wconf 91' lang='lat' dir='ltr'><strong>et</strong></span> <span class='ocrx_word' id='word_1_181' title='bbox 203 2736 379 2792; x_wconf 85' lang='lat' dir='ltr'><strong>Eadberctus</strong></span> <span class='ocrx_word' id='word_1_182' title='bbox 391 2737 555 2806; x_wconf 87' lang='lat' dir='ltr'><strong>interempti.</strong></span> <span class='ocrx_word' id='word_1_183' title='bbox 1170 2770 1202 2827; x_wconf 86' lang='lat'><strong>²5</strong></span> 
     </span>
    </p>
   </div>
   <div class='ocr_carea' id='block_1_11' title="bbox 163 2838 1155 3049">
    <p class='ocr_par' dir='ltr' id='par_1_11' title="bbox 163 2838 1155 3049">
     <span class='ocr_line' id='line_1_26' title="bbox 214 2838 1155 2908; baseline 0.002 -16"><span class='ocrx_word' id='word_1_184' title='bbox 214 2839 299 2894; x_wconf 90' lang='lat' dir='ltr'><strong>Anno</strong></span> <span class='ocrx_word' id='word_1_185' title='bbox 311 2839 400 2894; x_wconf 92' lang='lat' dir='ltr'>dccxli</span> <span class='ocrx_word' id='word_1_186' title='bbox 417 2839 529 2894; x_wconf 89' lang='lat' dir='ltr'><strong>siccitas</strong></span> <span class='ocrx_word' id='word_1_187' title='bbox 546 2855 651 2908; x_wconf 84' lang='lat' dir='ltr'><strong>magna</strong></span> <span class='ocrx_word' id='word_1_188' title='bbox 663 2847 767 2893; x_wconf 88' lang='lat' dir='ltr'><strong>terram</strong></span> <span class='ocrx_word' id='word_1_189' title='bbox 782 2838 938 2908; x_wconf 88' lang='lat' dir='ltr'><strong>occupauit.</strong></span> <span class='ocrx_word' id='word_1_190' title='bbox 975 2839 1091 2894; x_wconf 89' lang='lat' dir='ltr'><strong>Carolus</strong></span> <span class='ocrx_word' id='word_1_191' title='bbox 1107 2857 1155 2894; x_wconf 89' lang='lat' dir='ltr'><strong>rex</strong></span> 
     </span>
     <span class='ocr_line' id='line_1_27' title="bbox 163 2907 1155 2980; baseline 0 -18"><span class='ocrx_word' id='word_1_192' title='bbox 163 2910 337 2964; x_wconf 89' lang='lat' dir='ltr'><strong>Francorum</strong></span> <span class='ocrx_word' id='word_1_193' title='bbox 354 2909 438 2976; x_wconf 81' lang='lat' dir='ltr'><strong>obiit3</strong></span> <span class='ocrx_word' id='word_1_194' title='bbox 457 2919 484 2963; x_wconf 91' lang='lat' dir='ltr'><strong>et</strong></span> <span class='ocrx_word' id='word_1_195' title='bbox 501 2926 552 2980; x_wconf 91' lang='lat' dir='ltr'><strong>pro</strong></span> <span class='ocrx_word' id='word_1_196' title='bbox 569 2926 604 2965; x_wconf 90' lang='lat' dir='ltr'><strong>eo</strong></span> <span class='ocrx_word' id='word_1_197' title='bbox 622 2909 671 2962; x_wconf 84' lang='lat' dir='ltr'><strong>filii</strong></span> <span class='ocrx_word' id='word_1_198' title='bbox 690 2910 858 2964; x_wconf 85' lang='lat' dir='ltr'><strong>Caroloman</strong></span> <span class='ocrx_word' id='word_1_199' title='bbox 876 2917 905 2963; x_wconf 92' lang='lat' dir='ltr'><strong>et</strong></span> <span class='ocrx_word' id='word_1_200' title='bbox 921 2907 1022 2978; x_wconf 90' lang='lat' dir='ltr'><strong>Pippin</strong></span> <span class='ocrx_word' id='word_1_201' title='bbox 1038 2926 1155 2978; x_wconf 84' lang='lat' dir='ltr'><strong>regnum</strong></span> 
     </span>
     <span class='ocr_line' id='line_1_28' title="bbox 163 2989 338 3049; baseline 0.011 -17"><span class='ocrx_word' id='word_1_202' title='bbox 163 2989 338 3049; x_wconf 78' lang='lat' dir='ltr'><strong>acceperunt</strong></span> 
     </span>
    </p>
   </div>
   <div class='ocr_carea' id='block_1_12' title="bbox 163 3079 1206 3225">
    <p class='ocr_par' dir='ltr' id='par_1_12' title="bbox 163 3079 1206 3225">
     <span class='ocr_line' id='line_1_29' title="bbox 215 3079 1155 3150; baseline 0.002 -19"><span class='ocrx_word' id='word_1_203' title='bbox 215 3080 299 3132; x_wconf 86' lang='lat' dir='ltr'><strong>Anno</strong></span> <span class='ocrx_word' id='word_1_204' title='bbox 312 3079 408 3132; x_wconf 87' lang='lat' dir='ltr'><strong>dccxlu</strong></span> <span class='ocrx_word' id='word_1_205' title='bbox 421 3079 521 3133; x_wconf 85' lang='lat' dir='ltr'><strong>Vilfrid</strong></span> <span class='ocrx_word' id='word_1_206' title='bbox 539 3079 687 3149; x_wconf 89' lang='lat' dir='ltr'><strong>episcopus</strong></span> <span class='ocrx_word' id='word_1_207' title='bbox 703 3089 732 3134; x_wconf 88' lang='lat' dir='ltr'><strong>et</strong></span> <span class='ocrx_word' id='word_1_208' title='bbox 750 3079 903 3150; x_wconf 84' lang='lat' dir='ltr'><strong>Ingualdus</strong></span> <span class='ocrx_word' id='word_1_209' title='bbox 917 3079 1083 3134; x_wconf 90' lang='lat' dir='ltr'><strong>Lundoniae</strong></span> <span class='ocrx_word' id='word_1_210' title='bbox 1098 3079 1155 3150; x_wconf 88' lang='lat' dir='ltr'><strong>epi·</strong></span> 
     </span>
     <span class='ocr_line' id='line_1_30' title="bbox 163 3149 1206 3225; baseline 0.004 -23"><span class='ocrx_word' id='word_1_211' title='bbox 163 3165 265 3219; x_wconf 89' lang='lat' dir='ltr'><strong>scopus</strong></span> <span class='ocrx_word' id='word_1_212' title='bbox 277 3149 469 3218; x_wconf 82' lang='lat' dir='ltr'><strong>migrauerunt</strong></span> <span class='ocrx_word' id='word_1_213' title='bbox 481 3150 518 3203; x_wconf 89' lang='lat' dir='ltr'><strong>ad</strong></span> <span class='ocrx_word' id='word_1_214' title='bbox 530 3149 683 3204; x_wconf 87' lang='lat' dir='ltr'><strong>dominum.</strong></span> <span class='ocrx_word' id='word_1_215' title='bbox 1168 3169 1206 3225; x_wconf 83' lang='lat'><strong>30</strong></span> 
     </span>
    </p>
   </div>
   <div class='ocr_carea' id='block_1_13' title="bbox 214 3250 813 3312">
    <p class='ocr_par' dir='ltr' id='par_1_13' title="bbox 214 3250 813 3312">
     <span class='ocr_line' id='line_1_31' title="bbox 214 3250 813 3312; baseline 0.003 -8"><span class='ocrx_word' id='word_1_216' title='bbox 214 3252 301 3305; x_wconf 83' lang='lat' dir='ltr'><strong>Anno</strong></span> <span class='ocrx_word' id='word_1_217' title='bbox 313 3251 432 3306; x_wconf 91' lang='lat' dir='ltr'><strong>dccxluii</strong></span> <span class='ocrx_word' id='word_1_218' title='bbox 446 3251 610 3307; x_wconf 79' lang='lat' dir='ltr'><strong>Heteiridus</strong></span> <span class='ocrx_word' id='word_1_219' title='bbox 622 3250 723 3312; x_wconf 82' lang='lat' dir='ltr'><strong>uirdei</strong></span> <span class='ocrx_word' id='word_1_220' title='bbox 736 3250 813 3306; x_wconf 81' lang='lat' dir='ltr'><strong>obiit</strong></span> 
     </span>
    </p>
   </div>
   <div class='ocr_carea' id='block_1_14' title="bbox 163 3353 1155 3495">
    <p class='ocr_par' dir='ltr' id='par_1_14' title="bbox 163 3353 1155 3495">
     <span class='ocr_line' id='line_1_32' title="bbox 215 3353 1155 3422; baseline 0.003 -16"><span class='ocrx_word' id='word_1_221' title='bbox 215 3354 300 3408; x_wconf 86' lang='lat' dir='ltr'><strong>Anno</strong></span> <span class='ocrx_word' id='word_1_222' title='bbox 317 3354 380 3408; x_wconf 90' lang='lat' dir='ltr'><strong>dccl</strong></span> <span class='ocrx_word' id='word_1_223' title='bbox 398 3355 546 3422; x_wconf 90' lang='lat' dir='ltr'><strong>Cudretus,</strong></span> <span class='ocrx_word' id='word_1_224' title='bbox 561 3371 609 3408; x_wconf 88' lang='lat' dir='ltr'><strong>rex</strong></span> <span class='ocrx_word' id='word_1_225' title='bbox 623 3353 848 3410; x_wconf 87' lang='lat' dir='ltr'><strong>Occidentalium</strong></span> <span class='ocrx_word' id='word_1_226' title='bbox 866 3353 1017 3421; x_wconf 87' lang='lat' dir='ltr'><strong>Saxonum,</strong></span> <span class='ocrx_word' id='word_1_227' title='bbox 1038 3354 1155 3410; x_wconf 89' lang='lat' dir='ltr'><strong>surrexit</strong></span> 
     </span>
     <span class='ocr_line' id='line_1_33' title="bbox 163 3424 1155 3495; baseline 0 -17"><span class='ocrx_word' id='word_1_228' title='bbox 163 3434 262 3479; x_wconf 80' lang='lat' dir='ltr'><strong>contra</strong></span> <span class='ocrx_word' id='word_1_229' title='bbox 283 3425 482 3480; x_wconf 88' lang='lat' dir='ltr'><strong>Aedilbaldum</strong></span> <span class='ocrx_word' id='word_1_230' title='bbox 505 3441 600 3494; x_wconf 86' lang='lat' dir='ltr'><strong>regem</strong></span> <span class='ocrx_word' id='word_1_231' title='bbox 623 3434 652 3478; x_wconf 88' lang='lat' dir='ltr'><strong>et</strong></span> <span class='ocrx_word' id='word_1_232' title='bbox 677 3425 847 3492; x_wconf 86' lang='lat' dir='ltr'><strong>Oengusum.</strong></span> <span class='ocrx_word' id='word_1_233' title='bbox 884 3424 1048 3478; x_wconf 89' lang='lat' dir='ltr'><strong>Theneorus</strong></span> <span class='ocrx_word' id='word_1_234' title='bbox 1071 3433 1155 3495; x_wconf 87' lang='lat' dir='ltr'><strong>atque</strong></span> 
     </span>
    </p>
   </div>
   <div class='ocr_carea' id='block_1_15' title="bbox 0 0 1303 3834">
    <p class='ocr_par' dir='ltr' id='par_1_15' title="bbox 0 0 1303 3834">
     <span class='ocr_line' id='line_1_34' title="bbox 0 0 1303 3834; baseline 0 0"><span class='ocrx_word' id='word_1_235' title='bbox 0 0 1303 3834; x_wconf 95' lang='lat' dir='ltr'><strong> </strong></span> 
     </span>
    </p>
   </div>
  </div>
 </body>
</html>
