2592 3834
173 232 330 316 (27)=25]
366 248 572 308 cananaea
592 248 731 299 arsnop
749 249 796 299 or
809 247 1071 298 rrnursrarna.
1107 250 1159 310 151

173 379 269 440 insula
281 378 459 457 permodica,
474 398 550 456 quae
562 379 726 455 appellatur
744 379 837 438 Fame
855 385 885 437 et
899 378 936 437 ab
950 378 1055 437 eadem
1073 378 1163 436 eccle-

173 476 217 534 sia
233 495 343 535 nouem
361 477 451 535 ferme
469 475 588 534 milibus
607 493 747 550 passuum
768 474 798 533 in
817 493 930 533 oceano
948 475 1052 550 procul
1069 473 1161 544 abest,

174 572 265 631 uitam
293 571 451 631 solitariam
476 590 531 648 per
556 590 652 630 annos
675 572 772 648 plures
793 569 825 628 in
848 589 955 646 magna
978 566 1109 645 corporis
1133 579 1163 627 et

173 668 279 729 mentis
306 666 488 727 continentia
514 669 644 727 duxerat
693 665 887 743 quiquidem
909 684 928 723 a
950 664 1044 741 prima
1066 673 1162 722 aetate

143 765 315 841 5pueritiae
342 765 440 824 studio
466 764 619 840 religiosae
645 762 726 823 uitae
753 781 868 840 semper
890 763 1020 833 ardebat,
1046 761 1099 820 sed
1123 762 1161 819 ab

175 860 295 919 ineunte
322 859 524 919 adulescentia
546 858 753 919 monachicum
778 869 808 918 et
832 877 942 917 nomen
966 856 1109 916 adsumsit
1132 867 1163 915 et

173 955 315 1015 habitum.
355 955 474 1015 intrauit
487 966 586 1014 autem
600 955 695 1031 primo
710 953 922 1015 monasterium
937 954 1067 1026 Mailros
1080 954 1162 1028 quod

174 1050 205 1109 in
218 1051 282 1127 ripa
295 1050 384 1110 Tuidi
397 1050 524 1111 fluminis
538 1051 665 1128 positum
680 1062 750 1111 tunc
764 1052 857 1110 abbas
873 1054 949 1111 Eata
966 1050 1012 1109 uir
1029 1050 1161 1110 omnium

174 1146 424 1206 mansuetissimus
438 1167 474 1206 ac
488 1146 717 1223 simplicissimus
731 1147 858 1224 regebat,
874 1147 924 1224 qui
938 1157 1043 1223 postea
1052 1146 1162 1222 episco

126 1264 161 1302 10
174 1261 229 1316 pus
243 1241 488 1318 Hagustaldensis
502 1240 565 1302 siue
578 1241 824 1302 Lindislamensis
840 1241 982 1302 ecclesiae
995 1243 1088 1300 sactus
1108 1250 1160 1313 est,

174 1348 207 1395 ut
229 1355 316 1413 supra
338 1335 576 1409 memorauimus,
596 1336 645 1397 cui
667 1347 800 1413 tempore
820 1337 871 1398 illo
887 1337 1052 1414 propositus
1071 1336 1161 1397 Boisil

125 1501 128 1508 ,
173 1450 345 1508 magnarum
374 1430 516 1489 uirtutum
543 1442 574 1490 et
600 1431 764 1508 prophetici
791 1431 908 1508 spiritus
935 1434 1072 1493 sacerdos
1098 1433 1158 1492 fuit.

174 1528 260 1587 huius
279 1527 465 1604 discipulatui
482 1529 633 1588 Cudberct
646 1529 795 1589 humiliter
808 1529 950 1600 subditus,
966 1541 996 1589 et
1009 1529 1160 1590 scientiam

174 1623 212 1681 ab
226 1640 263 1680 eo
277 1620 483 1696 scripturarum
496 1631 526 1679 et
540 1621 685 1680 bonorum
698 1639 821 1697 operum
835 1622 939 1681 sumsit
953 1624 1095 1699 exempla.

126 1747 159 1806 15
235 1715 295 1791 Qui
316 1725 474 1792 postquam
496 1716 631 1792 migrauit
653 1718 691 1776 ad
713 1717 876 1790 dominum,
894 1719 1044 1779 Cudberct
1064 1718 1160 1778 eidem

175 1813 352 1874 monasterio
374 1814 467 1872 lactus
485 1813 653 1889 propositus
670 1814 768 1890 plures
787 1823 817 1873 et
837 1813 1008 1874 auctoritate
1032 1815 1161 1891 magistri

174 1919 204 1968 et
225 1911 360 1984 exemplo
385 1927 455 1966 suae
477 1907 601 1967 actionis
622 1910 783 1985 regularem
805 1907 975 1969 instituebat
997 1911 1036 1969 ad
1059 1909 1158 1969 uitam.

175 2026 231 2066 nec
253 2008 349 2065 solum
365 2004 421 2081 ipsi
441 2004 618 2064 monasterio
635 2005 774 2080 regularis
793 2004 872 2064 uitae
892 2005 1006 2064 monita
1023 2005 1110 2066 simul
1129 2017 1159 2065 et

175 2101 309 2177 exempla
321 2099 488 2176 praebebat,
503 2099 555 2158 sed
575 2110 606 2159 et
618 2101 725 2177 uulgus
738 2100 978 2177 circumpositum
991 2102 1078 2176 longe
1091 2103 1160 2160 late-

125 2225 161 2262 20
176 2215 233 2272 que
254 2215 273 2254 a
293 2195 356 2254 uita
376 2195 481 2253 stultae
503 2195 724 2256 consuetudinis
745 2198 784 2256 ad
802 2196 971 2256 caelestium
986 2197 1159 2273 gaudiorum

175 2302 345 2351 conuertere
368 2290 489 2349 curabat
512 2311 651 2351 amorem.
703 2312 773 2352 nam
794 2303 825 2352 et
846 2293 931 2353 multi
953 2295 1044 2354 fidem
1067 2314 1157 2371 quam

175 2389 323 2449 habebant
335 2387 443 2463 iniquis
457 2389 650 2465 profanabant
664 2390 809 2466 operibus,
825 2401 855 2449 et
875 2391 964 2468 aliqui
984 2393 1073 2452 etiam
1089 2404 1160 2452 tem·

175 2505 246 2562 pore
269 2484 461 2556 mortalitatis,
483 2486 623 2562 neglectis
646 2487 717 2547 fidei
741 2487 927 2548 sacramentis
949 2487 1056 2565 quibus
1078 2502 1160 2550 erant

174 2581 278 2654 inbuti,
304 2581 343 2641 ad
371 2581 491 2641 erratica
517 2582 668 2643 idolatriae
700 2583 896 2643 medicamina
930 2589 1160 2660 concurrebant;

126 2708 159 2766 ²5
176 2679 259 2757 quasi
276 2679 395 2739 missam
415 2698 434 2737 a
452 2680 510 2738 deo
524 2681 676 2740 conditore
690 2681 806 2756 plagam
821 2700 873 2756 per
885 2679 1098 2742 incantationes
1111 2686 1160 2742 uel

174 2776 322 2854 fylacteria
341 2778 389 2836 uel
409 2776 466 2836 alia
484 2777 633 2853 quaelibet
651 2776 860 2836 daemoniacae
877 2778 945 2836 artis
963 2798 1068 2837 arcana
1081 2779 1160 2838 cohi·

174 2876 244 2935 bere
261 2875 400 2932 ualerent.
441 2874 481 2933 ad
502 2883 694 2948 utrorumque
717 2892 787 2950 ergo
810 2872 1016 2950 corrigendum
1033 2893 1159 2935 errorem

174 2974 277 3032 crebro
290 2971 353 3047 ipse
367 2971 405 3031 de
419 2969 597 3030 monasterio
610 2988 751 3046 egressus,
765 2967 941 3044 aliquotiens
955 2989 1035 3046 equo
1053 2971 1159 3030 sedens

175 3067 227 3126 sed
241 3064 356 3141 saepius
370 3065 461 3140 pedes
474 3063 623 3136 incedens,
637 3063 859 3139 circumpositas
873 3063 1010 3124 ueniebat
1024 3065 1063 3124 ad
1076 3064 1160 3125 uillas

124 3187 162 3242 30
174 3171 205 3220 et
217 3157 296 3219 uiam
309 3158 439 3218 ueritatis
452 3158 642 3234 praedicabat
662 3158 823 3218 errantibus
828 3180 837 3234 ;
858 3159 939 3235 quod
958 3159 1054 3237 ipsum
1072 3158 1160 3220 etiam

176 3252 266 3314 Boisil
284 3273 339 3314 suo
355 3264 488 3330 tempore
508 3254 602 3312 facere
621 3263 822 3313 consueuerat
864 3264 926 3313 erat
943 3253 1053 3331 quippe
1071 3255 1160 3316 moris

175 3371 211 3412 eo
228 3361 361 3428 tempore
374 3347 491 3426 populis
504 3349 677 3424 Anglorum,
691 3360 724 3409 ut
738 3349 875 3410 ueniente
890 3349 920 3408 in
934 3349 1034 3409 uillam
1054 3350 1160 3413 clerico

237 3461 249 3498 ⁶
264 3465 370 3528 religiose
384 3478 433 3516 ms.
548 3460 571 3494 ¹⁰
586 3462 736 3511 domanicae
750 3477 795 3512 ms.
921 3461 943 3493 ²⁹
957 3463 1034 3527 squiras
1049 3479 1094 3512 ms.
