2592 3834
141 231 197 304 138
222 272 224 276 -
246 243 336 293 riva
356 242 514 292 arsnops
532 241 641 291 FROM
662 239 767 289 rnna·
783 233 1021 290 Monnsrann
1074 215 1133 300 [IV

138 388 212 442 mus,
241 369 349 429 ethos
373 387 477 429 omnes
505 367 657 445 singularis
678 366 774 426 meriti
797 385 833 425 ac
860 365 1022 426 sanctitatis
1043 363 1131 440 uiros,

139 486 264 543 quorum
282 468 358 528 haec
378 478 446 527 sunt
463 466 595 540 nomina,
614 468 694 526 Bosa
712 467 799 525 Aetla
817 466 914 526 Oitfor
934 466 1083 526 Iohannes
1104 475 1133 525 et

138 562 252 622 Vilfrid.
294 565 333 622 de
353 561 449 639 primo
468 581 554 639 supra
572 561 700 621 diximus
719 562 801 637 quod
820 560 946 621 Eboraci
962 561 1048 622 suerit
1065 582 1134 622 con·

140 670 268 720 sectatus
282 659 421 718 antistes:
442 659 480 718 de
494 659 626 718 secundo
644 657 772 718 breuiter
788 657 984 718 intimandum
1004 661 1086 735 quod
1102 659 1133 719 in

140 758 342 836 episcopatum
375 757 603 817 Dorciccaestrae
637 755 722 817 suerit
756 756 923 816 ordinatus:
958 759 996 817 de
1023 757 1133 818 ultimis
1166 767 1182 828 5

140 857 215 916 infra
242 855 402 915 dicendum
429 866 473 914 est
500 856 583 932 quod
611 873 713 914 eorum
739 854 851 930 primus
878 854 1133 932 Hagustaldensis‚

141 955 288 1014 secundus
303 951 497 1013 Eboracensis
515 953 656 1013 ecclesiae
670 952 707 1012 sit
721 951 871 1012 ordinatus
889 951 1052 1028 episcopus.
1095 953 1133 1012 de

141 1049 241 1109 medio
254 1068 335 1107 nunc
347 1048 490 1123 dicamus,
502 1048 572 1126 quia
585 1069 653 1107 cum
667 1048 698 1107 in
712 1058 835 1124 utroque
844 1047 957 1109 Hildae
970 1048 1135 1108 abbatissae

142 1144 320 1205 monasterio
351 1144 471 1203 lectioni
498 1155 529 1204 et
556 1143 754 1205 obseruationi
781 1143 986 1220 scripturarum
1014 1163 1134 1220 operam

143 1241 281 1315 dedisset,
304 1241 425 1300 tandem
447 1241 619 1317 perfectiora
643 1239 813 1301 desiderans
834 1239 917 1300 uenit
937 1240 1074 1301 Cantiam
1096 1241 1135 1300 ad
1150 1250 1187 1288 10

142 1338 394 1415 archiepiscopum
413 1338 517 1397 beatae
535 1337 746 1396 recordationis
760 1338 970 1396 Theodorum:
990 1336 1041 1396 ubi
1056 1347 1138 1414 post⁴

143 1453 233 1509 quarn
251 1433 422 1510 aliquandiu
442 1431 616 1492 lectionibus
636 1432 725 1492 sacris
747 1431 872 1504 uacauit,
897 1432 985 1492 etiam
1007 1435 1136 1494 Romam

144 1530 224 1590 adire
243 1530 363 1603 curauit,
382 1529 464 1605 quod
482 1548 519 1588 eo
535 1539 668 1604 tempore
688 1546 812 1603 magnae
832 1526 946 1588 uirtutis
966 1529 1137 1591 aestimaba-

143 1635 207 1686 tur:
242 1637 272 1684 et
291 1612 364 1684 inde
386 1644 454 1683 cum
477 1623 593 1684 rediens
616 1623 788 1683 Brittaniam
812 1623 928 1698 adisset,
953 1624 1072 1685 diuertit
1098 1627 1136 1685 ad

143 1720 327 1798 prouinciam
347 1719 540 1780 Huicciorum
560 1719 607 1779 cui
625 1730 700 1779 tunc
713 1739 763 1780 rex
777 1719 862 1781 Osric
874 1721 1016 1797 praesuit3
1037 1721 1137 1798 ibique
1152 1731 1186 1792 15

144 1819 269 1879 uerbum
290 1817 359 1877 fidei
379 1815 560 1893 praedicans,
583 1816 670 1876 simul
691 1827 720 1877 et
738 1819 906 1893 exemplum
930 1817 1051 1878 uiuendi
1074 1838 1137 1879 sese

144 1913 312 1972 uidentibus
326 1924 414 1989 atque
428 1911 615 1972 audientibus
633 1911 783 1986 exhibens,
798 1914 892 1973 multo
907 1925 1039 1990 tempore
1057 1933 1139 1972 man-

146 2008 192 2067 sit.
233 2029 294 2086 quo
312 2020 445 2084 tempore
463 2007 583 2068 antistes
601 2007 772 2085 prouinciae
790 2007 867 2068 illius
885 2009 1032 2069 uocabulo
1051 2009 1138 2069 Bosel

145 2116 227 2166 tanta
240 2117 301 2165 erat
317 2103 447 2182 corporis
464 2104 631 2164 infirmitate
651 2105 812 2181 depressus
832 2116 865 2164 ut
883 2105 1012 2165 officium
1026 2105 1137 2181 episco

145 2215 232 2280 patus
255 2223 361 2280 perse
383 2203 505 2280 implere
528 2221 590 2280 non
612 2213 730 2278 posset:
757 2211 877 2278 propter
900 2203 983 2279 quod
1004 2202 1138 2261 omnium
1152 2213 1190 2253 20

146 2299 256 2360 iudicio
277 2301 423 2376 praefatus
447 2299 492 2357 uir
512 2297 543 2356 in
566 2297 769 2375 episcopatum
790 2315 844 2373 pro
863 2316 900 2358 eo
916 2300 1026 2358 electus
1046 2317 1081 2357 ac
1097 2298 1139 2358 iu-

146 2394 235 2454 bente
248 2394 408 2455 Aedihedo
421 2413 490 2470 rege
502 2412 556 2469 per
567 2393 726 2453 Vilsridum
739 2394 844 2454 beatae
858 2393 1017 2455 memoriae
1030 2392 1139 2454 antisti-

147 2502 216 2562 tem,
232 2491 283 2568 qui
299 2503 370 2552 tunc
387 2489 526 2567 temporis
545 2490 829 2551 Mediterraneorum
847 2491 1009 2566 Anglorum
1028 2489 1140 2566 episco

146 2601 247 2666 patum
266 2586 393 2663 gerebat,
414 2585 566 2645 ordinatus
583 2596 644 2646 est:
673 2604 784 2662 proco
803 2586 883 2662 quod
902 2585 1138 2662 archiepiscopus

146 2685 322 2745 Theodorus
338 2683 397 2742 iam
414 2683 569 2743 defunctus
588 2693 648 2743 erat
665 2693 695 2743 et
713 2684 841 2743 necdum
860 2682 933 2742 alius
947 2702 1000 2760 pro
1015 2701 1051 2742 eo
1065 2681 1140 2742 ordi·
1153 2689 1187 2751 25

147 2791 232 2840 natus
246 2779 409 2856 episcopus.
450 2777 587 2854 inquam
602 2777 741 2839 uidelicet
757 2777 940 2856 prouinciam
959 2779 1047 2855 paulo
1061 2787 1139 2852 ante,

147 2881 205 2937 hoc
219 2886 262 2935 est
276 2887 344 2941 aute
357 2878 519 2952 praefatum
533 2875 629 2935 uirum
644 2875 694 2935 dei
705 2877 854 2948 Boselum,
865 2874 912 2934 uir
924 2873 1139 2934 strenuissimus

147 2984 176 3032 et
198 2971 384 3031 doctissimus
411 2983 501 3047 atque
527 2971 694 3031 excellentis
718 2970 828 3048 ingenii
853 2970 1001 3030 uocabulo
1026 2967 1140 3028 Tatsrid

147 3072 186 3131 de
207 3069 340 3130 eiusdem
361 3069 526 3128 abbatissae
546 3067 726 3128 monasterio
746 3070 856 3129 electus
875 3077 919 3128 est
938 3064 1058 3126 antistes
1077 3065 1139 3136 sed,

147 3165 315 3244 priusquam
330 3165 457 3226 ordinari
469 3175 577 3242 posset,
592 3175 687 3224 morte
701 3162 846 3224 inmatura
858 3173 1028 3240 praereptus
1042 3171 1095 3220 est.
1153 3173 1191 3230 30

207 3265 279 3322 Non
300 3264 397 3322 solum
423 3280 493 3338 ergo
517 3261 647 3337 praefata
676 3259 785 3320 Christi
811 3260 917 3320 ancilla
939 3268 971 3320 et
993 3256 1141 3319 abbatissa

147 3360 232 3436 Hild,
258 3380 347 3438 quam
382 3379 485 3421 omnes
513 3357 565 3436 qui
590 3368 735 3419 nouerant
759 3358 799 3420 ob
826 3356 939 3437 insigne
966 3353 1082 3435 pietatis
1110 3363 1145 3416 et

505 3468 526 3502 ¹¹
544 3471 637 3522 antella
653 3486 684 3538 pr
693 3486 759 3524 man.
