<?xml version="1.0" encoding="UTF-8"?>
<!DOCTYPE html PUBLIC "-//W3C//DTD XHTML 1.0 Transitional//EN"
    "http://www.w3.org/TR/xhtml1/DTD/xhtml1-transitional.dtd">
<html xmlns="http://www.w3.org/1999/xhtml" xml:lang="en" lang="en">
 <head>
  <title>
</title>
<meta http-equiv="Content-Type" content="text/html;charset=utf-8" />
  <meta name='ocr-system' content='tesseract 3.04.00' />
  <meta name='ocr-capabilities' content='ocr_page ocr_carea ocr_par ocr_line ocrx_word'/>
</head>
<body>
  <div class='ocr_page' id='page_1' title='image "./historiaeeccles00lumbgoog_0179.png"; bbox 0 0 2592 3834; ppageno 0'>
   <div class='ocr_carea' id='block_1_1' title="bbox 153 222 1138 320">
    <p class='ocr_par' dir='ltr' id='par_1_1' title="bbox 153 222 1138 320">
     <span class='ocr_line' id='line_1_1' title="bbox 153 222 1138 320; baseline 0.014 -25"><span class='ocrx_word' id='word_1_1' title='bbox 153 234 309 320; x_wconf 84' lang='lat'>(28)=26]</span> <span class='ocrx_word' id='word_1_2' title='bbox 344 256 392 304; x_wconf 73' lang='lat' dir='ltr'>oF</span> <span class='ocrx_word' id='word_1_3' title='bbox 408 255 473 304; x_wconf 72' lang='lat' dir='ltr'>His</span> <span class='ocrx_word' id='word_1_4' title='bbox 492 255 684 305; x_wconf 76' lang='lat' dir='ltr'><em>TEACHJNG</em></span> <span class='ocrx_word' id='word_1_5' title='bbox 699 256 782 305; x_wconf 75' lang='lat' dir='ltr'>Auo</span> <span class='ocrx_word' id='word_1_6' title='bbox 799 222 1048 306; x_wconf 72' lang='lat' dir='ltr'>Ausrriuaucu.</span> <span class='ocrx_word' id='word_1_7' title='bbox 1085 259 1138 319; x_wconf 84' lang='lat'>155</span> 
     </span>
    </p>
   </div>
   <div class='ocr_carea' id='block_1_2' title="bbox 148 380 1141 560">
    <p class='ocr_par' dir='ltr' id='par_1_2' title="bbox 148 380 1141 560">
     <span class='ocr_line' id='line_1_2' title="bbox 152 380 1141 462; baseline 0.006 -21"><span class='ocrx_word' id='word_1_8' title='bbox 152 393 242 458; x_wconf 89' lang='lat' dir='ltr'>atque</span> <span class='ocrx_word' id='word_1_9' title='bbox 263 380 302 443; x_wconf 92' lang='lat' dir='ltr'>ad</span> <span class='ocrx_word' id='word_1_10' title='bbox 329 383 547 460; x_wconf 89' lang='lat' dir='ltr'>suscipiendum</span> <span class='ocrx_word' id='word_1_11' title='bbox 574 385 760 462; x_wconf 86' lang='lat' dir='ltr'>episcopatus</span> <span class='ocrx_word' id='word_1_12' title='bbox 787 385 916 446; x_wconf 87' lang='lat' dir='ltr'>officium</span> <span class='ocrx_word' id='word_1_13' title='bbox 944 390 1052 447; x_wconf 89' lang='lat' dir='ltr'>collum</span> <span class='ocrx_word' id='word_1_14' title='bbox 1076 389 1141 447; x_wconf 83' lang='lat' dir='ltr'>sub</span> 
     </span>
     <span class='ocr_line' id='line_1_3' title="bbox 148 479 1141 560; baseline 0.006 -24"><span class='ocrx_word' id='word_1_15' title='bbox 148 479 267 538; x_wconf 80' lang='lat' dir='ltr'>¹mittere</span> <span class='ocrx_word' id='word_1_16' title='bbox 281 480 465 556; x_wconf 84' lang='lat' dir='ltr'>compellitur</span> <span class='ocrx_word' id='word_1_17' title='bbox 472 503 482 556; x_wconf 80' lang='lat'>3</span> <span class='ocrx_word' id='word_1_18' title='bbox 496 499 533 541; x_wconf 90' lang='lat' dir='ltr'>eo</span> <span class='ocrx_word' id='word_1_19' title='bbox 546 481 674 541; x_wconf 88' lang='lat' dir='ltr'>maxime</span> <span class='ocrx_word' id='word_1_20' title='bbox 688 482 782 541; x_wconf 88' lang='lat' dir='ltr'>uictus</span> <span class='ocrx_word' id='word_1_21' title='bbox 796 503 938 556; x_wconf 83' lang='lat' dir='ltr'>sermone,</span> <span class='ocrx_word' id='word_1_22' title='bbox 954 486 1034 560; x_wconf 90' lang='lat' dir='ltr'>quod</span> <span class='ocrx_word' id='word_1_23' title='bbox 1048 485 1141 542; x_wconf 83' lang='lat' dir='ltr'>lamu-</span> 
     </span>
    </p>
   </div>
   <div class='ocr_carea' id='block_1_3' title="bbox 152 575 1247 662">
    <p class='ocr_par' dir='ltr' id='par_1_3' title="bbox 152 575 1247 662">
     <span class='ocr_line' id='line_1_4' title="bbox 152 575 1247 662; baseline 0.007 -29"><span class='ocrx_word' id='word_1_24' title='bbox 152 577 198 635; x_wconf 96' lang='lat' dir='ltr'>lus</span> <span class='ocrx_word' id='word_1_25' title='bbox 225 575 338 637; x_wconf 89' lang='lat' dir='ltr'>domini</span> <span class='ocrx_word' id='word_1_26' title='bbox 361 577 460 650; x_wconf 87' lang='lat' dir='ltr'>Boisil,</span> <span class='ocrx_word' id='word_1_27' title='bbox 483 598 550 636; x_wconf 90' lang='lat' dir='ltr'>curn</span> <span class='ocrx_word' id='word_1_28' title='bbox 573 578 600 639; x_wconf 90' lang='lat' dir='ltr'>ei</span> <span class='ocrx_word' id='word_1_29' title='bbox 621 589 720 638; x_wconf 91' lang='lat' dir='ltr'>mente</span> <span class='ocrx_word' id='word_1_30' title='bbox 744 579 916 655; x_wconf 90' lang='lat' dir='ltr'>prophetica</span> <span class='ocrx_word' id='word_1_31' title='bbox 936 591 1043 640; x_wconf 85' lang='lat' dir='ltr'>cuncta</span> <span class='ocrx_word' id='word_1_32' title='bbox 1064 599 1141 657; x_wconf 90' lang='lat' dir='ltr'>quae</span> <span class='ocrx_word' id='word_1_33' title='bbox 1246 659 1247 662; x_wconf 7' lang='grc' dir='ltr'><strong>Ἴ</strong></span> 
     </span>
    </p>
   </div>
   <div class='ocr_carea' id='block_1_4' title="bbox 71 675 1205 3437">
    <p class='ocr_par' dir='ltr' id='par_1_4' title="bbox 71 675 1205 1902">
     <span class='ocr_line' id='line_1_5' title="bbox 153 675 1141 752; baseline 0.005 -22"><span class='ocrx_word' id='word_1_34' title='bbox 153 689 221 730; x_wconf 86' lang='lat' dir='ltr'>curn</span> <span class='ocrx_word' id='word_1_35' title='bbox 250 682 349 731; x_wconf 87' lang='lat' dir='ltr'>essent</span> <span class='ocrx_word' id='word_1_36' title='bbox 381 684 589 748; x_wconf 89' lang='lat' dir='ltr'>superuentura</span> <span class='ocrx_word' id='word_1_37' title='bbox 620 675 805 749; x_wconf 82' lang='lat' dir='ltr'>patefaceret,</span> <span class='ocrx_word' id='word_1_38' title='bbox 834 675 994 734; x_wconf 85' lang='lat' dir='ltr'>antistitem</span> <span class='ocrx_word' id='word_1_39' title='bbox 1022 694 1141 752; x_wconf 90' lang='lat' dir='ltr'>quoque</span> 
     </span>
     <span class='ocr_line' id='line_1_6' title="bbox 122 771 1141 846; baseline 0.004 -18"><span class='ocrx_word' id='word_1_40' title='bbox 122 787 137 846; x_wconf 84' lang='lat'>5</span> <span class='ocrx_word' id='word_1_41' title='bbox 153 771 362 834; x_wconf 75' lang='lat' dir='ltr'>enm&#39;suturnm</span> <span class='ocrx_word' id='word_1_42' title='bbox 376 789 440 830; x_wconf 90' lang='lat' dir='ltr'>esse</span> <span class='ocrx_word' id='word_1_43' title='bbox 453 771 643 846; x_wconf 87' lang='lat' dir='ltr'>praedixerat.</span> <span class='ocrx_word' id='word_1_44' title='bbox 686 791 743 831; x_wconf 90' lang='lat' dir='ltr'>nec</span> <span class='ocrx_word' id='word_1_45' title='bbox 758 781 858 832; x_wconf 89' lang='lat' dir='ltr'>tamen</span> <span class='ocrx_word' id='word_1_46' title='bbox 878 772 975 832; x_wconf 88' lang='lat' dir='ltr'>statim</span> <span class='ocrx_word' id='word_1_47' title='bbox 995 771 1141 832; x_wconf 85' lang='lat' dir='ltr'>ordinatio</span> 
     </span>
     <span class='ocr_line' id='line_1_7' title="bbox 152 866 1142 946; baseline 0.003 -22"><span class='ocrx_word' id='word_1_48' title='bbox 152 866 278 939; x_wconf 88' lang='lat' dir='ltr'>decreta,</span> <span class='ocrx_word' id='word_1_49' title='bbox 293 868 345 926; x_wconf 88' lang='lat' dir='ltr'>sed</span> <span class='ocrx_word' id='word_1_50' title='bbox 358 878 476 942; x_wconf 89' lang='lat' dir='ltr'>peracta</span> <span class='ocrx_word' id='word_1_51' title='bbox 489 867 586 927; x_wconf 91' lang='lat' dir='ltr'>hieme</span> <span class='ocrx_word' id='word_1_52' title='bbox 599 888 675 945; x_wconf 90' lang='lat' dir='ltr'>quae</span> <span class='ocrx_word' id='word_1_53' title='bbox 688 867 858 941; x_wconf 86' lang='lat' dir='ltr'>inminebat,</span> <span class='ocrx_word' id='word_1_54' title='bbox 874 869 904 928; x_wconf 91' lang='lat' dir='ltr'>in</span> <span class='ocrx_word' id='word_1_55' title='bbox 918 870 982 946; x_wconf 90' lang='lat' dir='ltr'>ipsa</span> <span class='ocrx_word' id='word_1_56' title='bbox 995 866 1142 929; x_wconf 89' lang='lat' dir='ltr'>sollemni·</span> 
     </span>
     <span class='ocr_line' id='line_1_8' title="bbox 152 963 1139 1042; baseline 0.004 -22"><span class='ocrx_word' id='word_1_57' title='bbox 152 972 212 1020; x_wconf 89' lang='lat' dir='ltr'>tate</span> <span class='ocrx_word' id='word_1_58' title='bbox 231 963 361 1038; x_wconf 89' lang='lat' dir='ltr'>paschali</span> <span class='ocrx_word' id='word_1_59' title='bbox 380 965 526 1040; x_wconf 91' lang='lat' dir='ltr'>completa</span> <span class='ocrx_word' id='word_1_60' title='bbox 546 974 591 1023; x_wconf 90' lang='lat' dir='ltr'>est</span> <span class='ocrx_word' id='word_1_61' title='bbox 614 964 742 1024; x_wconf 86' lang='lat' dir='ltr'>Eboraci</span> <span class='ocrx_word' id='word_1_62' title='bbox 763 966 818 1024; x_wconf 93' lang='lat' dir='ltr'>sub</span> <span class='ocrx_word' id='word_1_63' title='bbox 834 966 999 1041; x_wconf 88' lang='lat' dir='ltr'>praesentia</span> <span class='ocrx_word' id='word_1_64' title='bbox 1019 965 1139 1042; x_wconf 85' lang='lat' dir='ltr'>praefati</span> 
     </span>
     <span class='ocr_line' id='line_1_9' title="bbox 71 1055 1140 1144; baseline 0.005 -31"><span class='ocrx_word' id='word_1_65' title='bbox 71 1093 73 1096; x_wconf 94' lang='lat'>-</span> <span class='ocrx_word' id='word_1_66' title='bbox 151 1055 231 1144; x_wconf 10' lang='lat' dir='ltr'>regis*</span> <span class='ocrx_word' id='word_1_67' title='bbox 248 1057 385 1132; x_wconf 84' lang='lat' dir='ltr'>Ecglridi‚</span> <span class='ocrx_word' id='word_1_68' title='bbox 408 1057 653 1118; x_wconf 86' lang='lat' dir='ltr'>conuenientibus</span> <span class='ocrx_word' id='word_1_69' title='bbox 680 1059 718 1118; x_wconf 94' lang='lat' dir='ltr'>ad</span> <span class='ocrx_word' id='word_1_70' title='bbox 740 1061 991 1134; x_wconf 83' lang='lat' dir='ltr'>consecrationem</span> <span class='ocrx_word' id='word_1_71' title='bbox 1016 1061 1078 1120; x_wconf 89' lang='lat' dir='ltr'>eius</span> <span class='ocrx_word' id='word_1_72' title='bbox 1099 1061 1140 1120; x_wconf 90' lang='lat' dir='ltr'>nii</span> 
     </span>
     <span class='ocr_line' id='line_1_10' title="bbox 153 1152 1139 1233; baseline 0.006 -23"><span class='ocrx_word' id='word_1_73' title='bbox 153 1152 298 1229; x_wconf 90' lang='lat' dir='ltr'>episcopis</span> <span class='ocrx_word' id='word_1_74' title='bbox 318 1152 348 1212; x_wconf 93' lang='lat' dir='ltr'>in</span> <span class='ocrx_word' id='word_1_75' title='bbox 368 1153 474 1229; x_wconf 93' lang='lat' dir='ltr'>quibus</span> <span class='ocrx_word' id='word_1_76' title='bbox 492 1156 597 1214; x_wconf 89' lang='lat' dir='ltr'>beatae</span> <span class='ocrx_word' id='word_1_77' title='bbox 615 1155 773 1215; x_wconf 91' lang='lat' dir='ltr'>memoriae</span> <span class='ocrx_word' id='word_1_78' title='bbox 790 1157 965 1216; x_wconf 86' lang='lat' dir='ltr'>Theodorus</span> <span class='ocrx_word' id='word_1_79' title='bbox 983 1156 1139 1233; x_wconf 90' lang='lat' dir='ltr'>primatum</span> 
     </span>
     <span class='ocr_line' id='line_1_11' title="bbox 104 1249 1141 1328; baseline 0.004 -22"><span class='ocrx_word' id='word_1_80' title='bbox 104 1269 139 1306; x_wconf 92' lang='lat'>10</span> <span class='ocrx_word' id='word_1_81' title='bbox 152 1249 279 1307; x_wconf 89' lang='lat' dir='ltr'>tenebat.</span> <span class='ocrx_word' id='word_1_82' title='bbox 322 1250 432 1308; x_wconf 89' lang='lat' dir='ltr'>electus</span> <span class='ocrx_word' id='word_1_83' title='bbox 450 1260 494 1309; x_wconf 90' lang='lat' dir='ltr'>est</span> <span class='ocrx_word' id='word_1_84' title='bbox 512 1261 611 1309; x_wconf 89' lang='lat' dir='ltr'>autern</span> <span class='ocrx_word' id='word_1_85' title='bbox 627 1250 722 1326; x_wconf 86' lang='lat' dir='ltr'>primo</span> <span class='ocrx_word' id='word_1_86' title='bbox 741 1251 772 1310; x_wconf 91' lang='lat' dir='ltr'>in</span> <span class='ocrx_word' id='word_1_87' title='bbox 790 1251 992 1328; x_wconf 87' lang='lat' dir='ltr'>episcopatum</span> <span class='ocrx_word' id='word_1_88' title='bbox 1012 1254 1141 1326; x_wconf 89' lang='lat' dir='ltr'>Hagust-</span> 
     </span>
     <span class='ocr_line' id='line_1_12' title="bbox 152 1343 1205 1426; baseline 0.005 -25"><span class='ocrx_word' id='word_1_89' title='bbox 152 1343 279 1403; x_wconf 90' lang='lat' dir='ltr'>aldensis</span> <span class='ocrx_word' id='word_1_90' title='bbox 300 1343 442 1404; x_wconf 88' lang='lat' dir='ltr'>ecclesiae</span> <span class='ocrx_word' id='word_1_91' title='bbox 459 1365 514 1422; x_wconf 88' lang='lat' dir='ltr'>pro</span> <span class='ocrx_word' id='word_1_92' title='bbox 532 1348 703 1406; x_wconf 87' lang='lat' dir='ltr'>Tunbercto</span> <span class='ocrx_word' id='word_1_93' title='bbox 726 1345 777 1423; x_wconf 91' lang='lat' dir='ltr'>qui</span> <span class='ocrx_word' id='word_1_94' title='bbox 798 1348 836 1407; x_wconf 86' lang='lat' dir='ltr'>ab</span> <span class='ocrx_word' id='word_1_95' title='bbox 859 1347 1029 1423; x_wconf 85' lang='lat' dir='ltr'>episcopatu</span> <span class='ocrx_word' id='word_1_96' title='bbox 1047 1349 1141 1426; x_wconf 85' lang='lat' dir='ltr'>fuerat</span> <span class='ocrx_word' id='word_1_97' title='bbox 1204 1417 1205 1424; x_wconf 8' lang='grc' dir='ltr'>ἵ</span> 
     </span>
     <span class='ocr_line' id='line_1_13' title="bbox 152 1441 1140 1520; baseline 0 -19"><span class='ocrx_word' id='word_1_98' title='bbox 152 1441 323 1518; x_wconf 89' lang='lat' dir='ltr'>depositus:</span> <span class='ocrx_word' id='word_1_99' title='bbox 345 1443 554 1519; x_wconf 89' lang='lat' dir='ltr'>sedquoniam</span> <span class='ocrx_word' id='word_1_100' title='bbox 574 1443 638 1520; x_wconf 93' lang='lat' dir='ltr'>ipse</span> <span class='ocrx_word' id='word_1_101' title='bbox 656 1445 721 1520; x_wconf 94' lang='lat' dir='ltr'>plus</span> <span class='ocrx_word' id='word_1_102' title='bbox 741 1443 971 1503; x_wconf 88' lang='lat' dir='ltr'>Lindisfamensi</span> <span class='ocrx_word' id='word_1_103' title='bbox 990 1443 1140 1516; x_wconf 86' lang='lat' dir='ltr'>ecclesiae,</span> 
     </span>
     <span class='ocr_line' id='line_1_14' title="bbox 151 1537 1141 1615; baseline -0.001 -18"><span class='ocrx_word' id='word_1_104' title='bbox 151 1537 260 1614; x_wconf 86' lang='lat' dir='ltr'>inqua</span> <span class='ocrx_word' id='word_1_105' title='bbox 283 1550 470 1598; x_wconf 88' lang='lat' dir='ltr'>conuersatus</span> <span class='ocrx_word' id='word_1_106' title='bbox 490 1540 591 1610; x_wconf 89' lang='lat' dir='ltr'>suerat,</span> <span class='ocrx_word' id='word_1_107' title='bbox 613 1538 716 1598; x_wconf 91' lang='lat' dir='ltr'>dilexit</span> <span class='ocrx_word' id='word_1_108' title='bbox 735 1539 860 1614; x_wconf 88' lang='lat' dir='ltr'>praefici,</span> <span class='ocrx_word' id='word_1_109' title='bbox 885 1538 995 1615; x_wconf 87' lang='lat' dir='ltr'>placuit</span> <span class='ocrx_word' id='word_1_110' title='bbox 1012 1548 1045 1597; x_wconf 92' lang='lat' dir='ltr'>ut</span> <span class='ocrx_word' id='word_1_111' title='bbox 1066 1539 1141 1596; x_wconf 87' lang='lat' dir='ltr'>Eata</span> 
     </span>
     <span class='ocr_line' id='line_1_15' title="bbox 151 1633 1140 1710; baseline 0 -20"><span class='ocrx_word' id='word_1_112' title='bbox 151 1651 268 1692; x_wconf 89' lang='lat' dir='ltr'>reuerso</span> <span class='ocrx_word' id='word_1_113' title='bbox 289 1634 328 1692; x_wconf 89' lang='lat' dir='ltr'>ad</span> <span class='ocrx_word' id='word_1_114' title='bbox 349 1635 450 1693; x_wconf 91' lang='lat' dir='ltr'>sedem</span> <span class='ocrx_word' id='word_1_115' title='bbox 471 1633 612 1693; x_wconf 89' lang='lat' dir='ltr'>ecclesiae</span> <span class='ocrx_word' id='word_1_116' title='bbox 640 1635 895 1710; x_wconf 87' lang='lat' dir='ltr'>Hagustaldensis,</span> <span class='ocrx_word' id='word_1_117' title='bbox 924 1634 971 1692; x_wconf 93' lang='lat' dir='ltr'>cui</span> <span class='ocrx_word' id='word_1_118' title='bbox 994 1634 1140 1710; x_wconf 86' lang='lat' dir='ltr'>regendae</span> 
     </span>
     <span class='ocr_line' id='line_1_16' title="bbox 104 1727 1140 1804; baseline 0.001 -18"><span class='ocrx_word' id='word_1_119' title='bbox 104 1746 136 1803; x_wconf 86' lang='lat'>15</span> <span class='ocrx_word' id='word_1_120' title='bbox 151 1729 247 1804; x_wconf 88' lang='lat' dir='ltr'>primo</span> <span class='ocrx_word' id='word_1_121' title='bbox 267 1731 361 1788; x_wconf 89' lang='lat' dir='ltr'>suerat</span> <span class='ocrx_word' id='word_1_122' title='bbox 379 1730 537 1803; x_wconf 86' lang='lat' dir='ltr'>ordinatus,</span> <span class='ocrx_word' id='word_1_123' title='bbox 561 1731 711 1790; x_wconf 88' lang='lat' dir='ltr'>Cudberct</span> <span class='ocrx_word' id='word_1_124' title='bbox 733 1730 875 1790; x_wconf 86' lang='lat' dir='ltr'>ecclesiae</span> <span class='ocrx_word' id='word_1_125' title='bbox 897 1727 1140 1788; x_wconf 85' lang='lat' dir='ltr'>Lindisfamensis</span> 
     </span>
     <span class='ocr_line' id='line_1_17' title="bbox 150 1825 526 1902; baseline 0.003 -19"><span class='ocrx_word' id='word_1_126' title='bbox 150 1825 347 1900; x_wconf 87' lang='lat' dir='ltr'>gubernacula</span> <span class='ocrx_word' id='word_1_127' title='bbox 360 1825 526 1902; x_wconf 88' lang='lat' dir='ltr'>susciperet.</span> 
     </span>
    </p>

    <p class='ocr_par' dir='ltr' id='par_1_5' title="bbox 150 1917 1167 2191">
     <span class='ocr_line' id='line_1_18' title="bbox 212 1917 1167 2008; baseline -0.002 -28"><span class='ocrx_word' id='word_1_128' title='bbox 212 1921 272 1995; x_wconf 88' lang='lat' dir='ltr'>Qui</span> <span class='ocrx_word' id='word_1_129' title='bbox 286 1934 454 1996; x_wconf 90' lang='lat' dir='ltr'>susceptum</span> <span class='ocrx_word' id='word_1_130' title='bbox 468 1922 655 1998; x_wconf 89' lang='lat' dir='ltr'>episcopatus</span> <span class='ocrx_word' id='word_1_131' title='bbox 664 1923 786 1998; x_wconf 91' lang='lat' dir='ltr'>gradum</span> <span class='ocrx_word' id='word_1_132' title='bbox 800 1923 839 1981; x_wconf 91' lang='lat' dir='ltr'>ad</span> <span class='ocrx_word' id='word_1_133' title='bbox 860 1917 1052 1980; x_wconf 91' lang='lat' dir='ltr'>imitationem</span> <span class='ocrx_word' id='word_1_134' title='bbox 1071 1921 1140 1980; x_wconf 89' lang='lat' dir='ltr'>bea·</span> <span class='ocrx_word' id='word_1_135' title='bbox 1159 1988 1167 2008; x_wconf 28' lang='grc' dir='ltr'>ι</span> 
     </span>
     <span class='ocr_line' id='line_1_19' title="bbox 150 2017 1139 2095; baseline -0.001 -19"><span class='ocrx_word' id='word_1_136' title='bbox 150 2028 246 2077; x_wconf 91' lang='lat' dir='ltr'>torum</span> <span class='ocrx_word' id='word_1_137' title='bbox 259 2019 459 2092; x_wconf 89' lang='lat' dir='ltr'>apostolorum</span> <span class='ocrx_word' id='word_1_138' title='bbox 472 2018 613 2077; x_wconf 86' lang='lat' dir='ltr'>uirtutum</span> <span class='ocrx_word' id='word_1_139' title='bbox 626 2022 750 2079; x_wconf 90' lang='lat' dir='ltr'>ornabat</span> <span class='ocrx_word' id='word_1_140' title='bbox 764 2019 908 2095; x_wconf 88' lang='lat' dir='ltr'>operibus.</span> <span class='ocrx_word' id='word_1_141' title='bbox 952 2017 1139 2077; x_wconf 86' lang='lat' dir='ltr'>commissam</span> 
     </span>
     <span class='ocr_line' id='line_1_20' title="bbox 151 2112 1141 2191; baseline 0.002 -21"><span class='ocrx_word' id='word_1_142' title='bbox 151 2131 280 2188; x_wconf 90' lang='lat' dir='ltr'>namque</span> <span class='ocrx_word' id='word_1_143' title='bbox 296 2112 352 2172; x_wconf 91' lang='lat' dir='ltr'>sibi</span> <span class='ocrx_word' id='word_1_144' title='bbox 373 2114 491 2189; x_wconf 91' lang='lat' dir='ltr'>plebem</span> <span class='ocrx_word' id='word_1_145' title='bbox 514 2126 545 2173; x_wconf 91' lang='lat' dir='ltr'>et</span> <span class='ocrx_word' id='word_1_146' title='bbox 562 2114 742 2174; x_wconf 90' lang='lat' dir='ltr'>orationibus</span> <span class='ocrx_word' id='word_1_147' title='bbox 766 2117 937 2191; x_wconf 87' lang='lat' dir='ltr'>protegebat</span> <span class='ocrx_word' id='word_1_148' title='bbox 959 2115 1088 2174; x_wconf 89' lang='lat' dir='ltr'>adsiduis</span> <span class='ocrx_word' id='word_1_149' title='bbox 1111 2126 1141 2173; x_wconf 86' lang='lat' dir='ltr'>et</span> 
     </span>
    </p>

    <p class='ocr_par' dir='ltr' id='par_1_6' title="bbox 102 2209 1142 2656">
     <span class='ocr_line' id='line_1_21' title="bbox 102 2209 1140 2286; baseline 0.001 -19"><span class='ocrx_word' id='word_1_150' title='bbox 102 2225 138 2264; x_wconf 91' lang='lat'>20</span> <span class='ocrx_word' id='word_1_151' title='bbox 152 2209 400 2269; x_wconf 87' lang='lat' dir='ltr'>admonitionibus</span> <span class='ocrx_word' id='word_1_152' title='bbox 414 2209 607 2270; x_wconf 84' lang='lat' dir='ltr'>saluberrimis</span> <span class='ocrx_word' id='word_1_153' title='bbox 626 2210 665 2270; x_wconf 92' lang='lat' dir='ltr'>ad</span> <span class='ocrx_word' id='word_1_154' title='bbox 679 2210 815 2270; x_wconf 88' lang='lat' dir='ltr'>caelestia</span> <span class='ocrx_word' id='word_1_155' title='bbox 828 2213 961 2271; x_wconf 85' lang='lat' dir='ltr'>uocabat.</span> <span class='ocrx_word' id='word_1_156' title='bbox 1005 2222 1042 2282; x_wconf 90' lang='lat' dir='ltr'>et,</span> <span class='ocrx_word' id='word_1_157' title='bbox 1058 2212 1140 2286; x_wconf 91' lang='lat' dir='ltr'>quod</span> 
     </span>
     <span class='ocr_line' id='line_1_22' title="bbox 152 2306 1141 2383; baseline -0.001 -18"><span class='ocrx_word' id='word_1_158' title='bbox 152 2307 278 2366; x_wconf 85' lang='lat' dir='ltr'>maxime</span> <span class='ocrx_word' id='word_1_159' title='bbox 293 2308 428 2366; x_wconf 88' lang='lat' dir='ltr'>doctores</span> <span class='ocrx_word' id='word_1_160' title='bbox 442 2306 541 2365; x_wconf 87' lang='lat' dir='ltr'>iuuare</span> <span class='ocrx_word' id='word_1_161' title='bbox 560 2309 642 2379; x_wconf 87' lang='lat' dir='ltr'>sole&#39;t,</span> <span class='ocrx_word' id='word_1_162' title='bbox 658 2326 784 2383; x_wconf 91' lang='lat' dir='ltr'>eaquae</span> <span class='ocrx_word' id='word_1_163' title='bbox 801 2308 916 2383; x_wconf 86' lang='lat' dir='ltr'>agenda</span> <span class='ocrx_word' id='word_1_164' title='bbox 934 2309 1061 2366; x_wconf 87' lang='lat' dir='ltr'>docebat</span> <span class='ocrx_word' id='word_1_165' title='bbox 1078 2306 1141 2383; x_wconf 91' lang='lat' dir='ltr'>ipse</span> 
     </span>
     <span class='ocr_line' id='line_1_23' title="bbox 151 2402 1142 2480; baseline -0.002 -18"><span class='ocrx_word' id='word_1_166' title='bbox 151 2403 231 2480; x_wconf 89' lang='lat' dir='ltr'>prius</span> <span class='ocrx_word' id='word_1_167' title='bbox 257 2405 373 2480; x_wconf 89' lang='lat' dir='ltr'>agendo</span> <span class='ocrx_word' id='word_1_168' title='bbox 396 2405 657 2479; x_wconf 89' lang='lat' dir='ltr'>praemonstrabat.</span> <span class='ocrx_word' id='word_1_169' title='bbox 700 2413 761 2462; x_wconf 89' lang='lat' dir='ltr'>erat</span> <span class='ocrx_word' id='word_1_170' title='bbox 795 2402 904 2480; x_wconf 91' lang='lat' dir='ltr'>quippe</span> <span class='ocrx_word' id='word_1_171' title='bbox 938 2412 1007 2462; x_wconf 91' lang='lat' dir='ltr'>ante</span> <span class='ocrx_word' id='word_1_172' title='bbox 1041 2402 1142 2461; x_wconf 89' lang='lat' dir='ltr'>omnia</span> 
     </span>
     <span class='ocr_line' id='line_1_24' title="bbox 152 2498 1141 2576; baseline -0.002 -16"><span class='ocrx_word' id='word_1_173' title='bbox 152 2499 270 2560; x_wconf 87' lang='lat' dir='ltr'>diuinae</span> <span class='ocrx_word' id='word_1_174' title='bbox 291 2499 418 2558; x_wconf 87' lang='lat' dir='ltr'>caritatis</span> <span class='ocrx_word' id='word_1_175' title='bbox 438 2498 506 2574; x_wconf 89' lang='lat' dir='ltr'>igne</span> <span class='ocrx_word' id='word_1_176' title='bbox 527 2499 656 2559; x_wconf 83' lang='lat' dir='ltr'>feruidus</span> <span class='ocrx_word' id='word_1_177' title='bbox 677 2499 838 2576; x_wconf 90' lang='lat' dir='ltr'>patientiae</span> <span class='ocrx_word' id='word_1_178' title='bbox 862 2499 969 2559; x_wconf 92' lang='lat' dir='ltr'>uirtute</span> <span class='ocrx_word' id='word_1_179' title='bbox 990 2499 1141 2559; x_wconf 90' lang='lat' dir='ltr'>modestus</span> 
     </span>
     <span class='ocr_line' id='line_1_25' title="bbox 152 2595 1142 2656; baseline -0.004 0"><span class='ocrx_word' id='word_1_180' title='bbox 152 2597 318 2656; x_wconf 83' lang='lat' dir='ltr'>orationum</span> <span class='ocrx_word' id='word_1_181' title='bbox 332 2595 484 2656; x_wconf 87' lang='lat' dir='ltr'>deuotioni</span> <span class='ocrx_word' id='word_1_182' title='bbox 504 2595 692 2656; x_wconf 90' lang='lat' dir='ltr'>solertissime</span> <span class='ocrx_word' id='word_1_183' title='bbox 708 2597 838 2656; x_wconf 87' lang='lat' dir='ltr'>intentus</span> <span class='ocrx_word' id='word_1_184' title='bbox 857 2596 981 2655; x_wconf 86' lang='lat' dir='ltr'>affabilis</span> <span class='ocrx_word' id='word_1_185' title='bbox 1002 2595 1142 2655; x_wconf 89' lang='lat' dir='ltr'>omnibus</span> 
     </span>
    </p>

    <p class='ocr_par' dir='ltr' id='par_1_7' title="bbox 102 2676 1142 2960">
     <span class='ocr_line' id='line_1_26' title="bbox 102 2676 1141 2769; baseline 0 -21"><span class='ocrx_word' id='word_1_186' title='bbox 102 2676 137 2765; x_wconf 59' lang='lat'>2&#39;5</span> <span class='ocrx_word' id='word_1_187' title='bbox 153 2692 203 2769; x_wconf 94' lang='lat' dir='ltr'>qui</span> <span class='ocrx_word' id='word_1_188' title='bbox 216 2694 255 2752; x_wconf 94' lang='lat' dir='ltr'>ad</span> <span class='ocrx_word' id='word_1_189' title='bbox 269 2711 301 2752; x_wconf 90' lang='lat' dir='ltr'>se</span> <span class='ocrx_word' id='word_1_190' title='bbox 315 2690 522 2750; x_wconf 89' lang='lat' dir='ltr'>consolationis</span> <span class='ocrx_word' id='word_1_191' title='bbox 543 2691 635 2766; x_wconf 88' lang='lat' dir='ltr'>gratia</span> <span class='ocrx_word' id='word_1_192' title='bbox 652 2690 819 2762; x_wconf 91' lang='lat' dir='ltr'>ueniebant,</span> <span class='ocrx_word' id='word_1_193' title='bbox 835 2691 894 2750; x_wconf 92' lang='lat' dir='ltr'>hoc</span> <span class='ocrx_word' id='word_1_194' title='bbox 911 2689 1007 2766; x_wconf 92' lang='lat' dir='ltr'>ipsum</span> <span class='ocrx_word' id='word_1_195' title='bbox 1022 2709 1141 2766; x_wconf 88' lang='lat' dir='ltr'>quoque</span> 
     </span>
     <span class='ocr_line' id='line_1_27' title="bbox 152 2787 1142 2864; baseline -0.003 -16"><span class='ocrx_word' id='word_1_196' title='bbox 152 2788 291 2848; x_wconf 89' lang='lat' dir='ltr'>orationis</span> <span class='ocrx_word' id='word_1_197' title='bbox 314 2788 381 2847; x_wconf 95' lang='lat' dir='ltr'>loco</span> <span class='ocrx_word' id='word_1_198' title='bbox 403 2787 523 2860; x_wconf 90' lang='lat' dir='ltr'>ducens,</span> <span class='ocrx_word' id='word_1_199' title='bbox 549 2787 573 2846; x_wconf 92' lang='lat' dir='ltr'>si</span> <span class='ocrx_word' id='word_1_200' title='bbox 595 2787 716 2846; x_wconf 87' lang='lat' dir='ltr'>infirmis</span> <span class='ocrx_word' id='word_1_201' title='bbox 737 2787 870 2848; x_wconf 83' lang='lat' dir='ltr'>fratribus</span> <span class='ocrx_word' id='word_1_202' title='bbox 895 2807 983 2864; x_wconf 91' lang='lat' dir='ltr'>opem</span> <span class='ocrx_word' id='word_1_203' title='bbox 1005 2806 1074 2846; x_wconf 92' lang='lat' dir='ltr'>suae</span> <span class='ocrx_word' id='word_1_204' title='bbox 1096 2806 1142 2846; x_wconf 85' lang='lat' dir='ltr'>ex-</span> 
     </span>
     <span class='ocr_line' id='line_1_28' title="bbox 152 2877 1141 2960; baseline -0.004 -14"><span class='ocrx_word' id='word_1_205' title='bbox 152 2884 325 2946; x_wconf 87' lang='lat' dir='ltr'>hortationis</span> <span class='ocrx_word' id='word_1_206' title='bbox 333 2884 492 2957; x_wconf 78' lang='lat' dir='ltr'>tribueret3</span> <span class='ocrx_word' id='word_1_207' title='bbox 505 2883 600 2944; x_wconf 90' lang='lat' dir='ltr'>sciens</span> <span class='ocrx_word' id='word_1_208' title='bbox 615 2883 691 2960; x_wconf 87' lang='lat' dir='ltr'>quia,</span> <span class='ocrx_word' id='word_1_209' title='bbox 704 2883 754 2960; x_wconf 90' lang='lat' dir='ltr'>qui</span> <span class='ocrx_word' id='word_1_210' title='bbox 769 2877 841 2943; x_wconf 86' lang='lat' dir='ltr'>dixit</span> <span class='ocrx_word' id='word_1_211' title='bbox 851 2883 970 2960; x_wconf 82' lang='lat' dir='ltr'>‘diliges</span> <span class='ocrx_word' id='word_1_212' title='bbox 989 2881 1141 2942; x_wconf 91' lang='lat' dir='ltr'>dominum</span> 
     </span>
    </p>

    <p class='ocr_par' dir='ltr' id='par_1_8' title="bbox 115 2975 1143 3154">
     <span class='ocr_line' id='line_1_29' title="bbox 115 2975 1143 3057; baseline -0.005 -14"><span class='ocrx_word' id='word_1_213' title='bbox 115 2975 118 2978; x_wconf 35' lang='lat'><strong>⁴</strong></span> <span class='ocrx_word' id='word_1_214' title='bbox 152 2984 241 3043; x_wconf 91' lang='lat' dir='ltr'>deum</span> <span class='ocrx_word' id='word_1_215' title='bbox 258 2983 359 3053; x_wconf 89' lang='lat' dir='ltr'>tuum,’</span> <span class='ocrx_word' id='word_1_216' title='bbox 373 2980 447 3040; x_wconf 90' lang='lat' dir='ltr'>dixit</span> <span class='ocrx_word' id='word_1_217' title='bbox 466 2990 496 3040; x_wconf 94' lang='lat' dir='ltr'>et</span> <span class='ocrx_word' id='word_1_218' title='bbox 516 2980 631 3057; x_wconf 88' lang='lat' dir='ltr'>‘diliges</span> <span class='ocrx_word' id='word_1_219' title='bbox 652 2979 835 3057; x_wconf 64' lang='lat' dir='ltr'>proximum?</span> <span class='ocrx_word' id='word_1_220' title='bbox 876 2991 936 3039; x_wconf 91' lang='lat' dir='ltr'>erat</span> <span class='ocrx_word' id='word_1_221' title='bbox 949 2979 1143 3040; x_wconf 91' lang='lat' dir='ltr'>abstinentiae</span> 
     </span>
     <span class='ocr_line' id='line_1_30' title="bbox 152 3075 1141 3154; baseline -0.004 -16"><span class='ocrx_word' id='word_1_222' title='bbox 152 3076 342 3154; x_wconf 87' lang='lat' dir='ltr'>castigatione</span> <span class='ocrx_word' id='word_1_223' title='bbox 360 3075 490 3152; x_wconf 89' lang='lat' dir='ltr'>insignis,</span> <span class='ocrx_word' id='word_1_224' title='bbox 515 3086 577 3136; x_wconf 90' lang='lat' dir='ltr'>erat</span> <span class='ocrx_word' id='word_1_225' title='bbox 596 3075 689 3152; x_wconf 86' lang='lat' dir='ltr'>gratia</span> <span class='ocrx_word' id='word_1_226' title='bbox 712 3076 948 3152; x_wconf 91' lang='lat' dir='ltr'>compunctionis</span> <span class='ocrx_word' id='word_1_227' title='bbox 969 3095 1084 3154; x_wconf 90' lang='lat' dir='ltr'>semper</span> <span class='ocrx_word' id='word_1_228' title='bbox 1103 3077 1141 3134; x_wconf 82' lang='lat' dir='ltr'>ad</span> 
     </span>
    </p>

    <p class='ocr_par' dir='ltr' id='par_1_9' title="bbox 101 3170 1202 3437">
     <span class='ocr_line' id='line_1_31' title="bbox 101 3170 1143 3249; baseline 0.002 -17"><span class='ocrx_word' id='word_1_229' title='bbox 101 3194 139 3249; x_wconf 87' lang='lat'>30</span> <span class='ocrx_word' id='word_1_230' title='bbox 152 3173 289 3234; x_wconf 89' lang='lat' dir='ltr'>caelestia</span> <span class='ocrx_word' id='word_1_231' title='bbox 308 3191 472 3248; x_wconf 89' lang='lat' dir='ltr'>suspensus.</span> <span class='ocrx_word' id='word_1_232' title='bbox 515 3171 644 3249; x_wconf 90' lang='lat' dir='ltr'>denique</span> <span class='ocrx_word' id='word_1_233' title='bbox 663 3192 731 3231; x_wconf 94' lang='lat' dir='ltr'>cum</span> <span class='ocrx_word' id='word_1_234' title='bbox 749 3170 919 3232; x_wconf 89' lang='lat' dir='ltr'>sacrificium</span> <span class='ocrx_word' id='word_1_235' title='bbox 935 3173 992 3233; x_wconf 89' lang='lat' dir='ltr'>deo</span> <span class='ocrx_word' id='word_1_236' title='bbox 1006 3172 1143 3234; x_wconf 91' lang='lat' dir='ltr'>uictimae</span> 
     </span>
     <span class='ocr_line' id='line_1_32' title="bbox 153 3265 1202 3344; baseline 0.001 -17"><span class='ocrx_word' id='word_1_237' title='bbox 153 3266 283 3328; x_wconf 86' lang='lat' dir='ltr'>salutaris</span> <span class='ocrx_word' id='word_1_238' title='bbox 297 3268 421 3340; x_wconf 86' lang='lat' dir='ltr'>offerret,</span> <span class='ocrx_word' id='word_1_239' title='bbox 436 3285 497 3325; x_wconf 92' lang='lat' dir='ltr'>non</span> <span class='ocrx_word' id='word_1_240' title='bbox 512 3267 626 3329; x_wconf 85' lang='lat' dir='ltr'>eleuata</span> <span class='ocrx_word' id='word_1_241' title='bbox 643 3265 676 3327; x_wconf 93' lang='lat' dir='ltr'>in</span> <span class='ocrx_word' id='word_1_242' title='bbox 693 3269 786 3327; x_wconf 90' lang='lat' dir='ltr'>altum</span> <span class='ocrx_word' id='word_1_243' title='bbox 801 3287 878 3328; x_wconf 92' lang='lat' dir='ltr'>uoce</span> <span class='ocrx_word' id='word_1_244' title='bbox 897 3269 950 3328; x_wconf 88' lang='lat' dir='ltr'>sed</span> <span class='ocrx_word' id='word_1_245' title='bbox 968 3269 1093 3344; x_wconf 83' lang='lat' dir='ltr'>profusis</span> <span class='ocrx_word' id='word_1_246' title='bbox 1107 3289 1143 3330; x_wconf 89' lang='lat' dir='ltr'>ex</span> <span class='ocrx_word' id='word_1_247' title='bbox 1197 3334 1202 3344; x_wconf 50' lang='grc'><strong>,</strong></span> 
     </span>
     <span class='ocr_line' id='line_1_33' title="bbox 153 3360 1022 3437; baseline 0.003 -16"><span class='ocrx_word' id='word_1_248' title='bbox 153 3361 214 3422; x_wconf 91' lang='lat' dir='ltr'>imo</span> <span class='ocrx_word' id='word_1_249' title='bbox 226 3371 347 3437; x_wconf 89' lang='lat' dir='ltr'>pectore</span> <span class='ocrx_word' id='word_1_250' title='bbox 360 3360 487 3419; x_wconf 89' lang='lat' dir='ltr'>lacrimis</span> <span class='ocrx_word' id='word_1_251' title='bbox 500 3360 623 3421; x_wconf 90' lang='lat' dir='ltr'>domino</span> <span class='ocrx_word' id='word_1_252' title='bbox 637 3379 689 3421; x_wconf 85' lang='lat' dir='ltr'>sua</span> <span class='ocrx_word' id='word_1_253' title='bbox 703 3374 774 3422; x_wconf 83' lang='lat' dir='ltr'>uota</span> <span class='ocrx_word' id='word_1_254' title='bbox 787 3364 1022 3425; x_wconf 79' lang='lat' dir='ltr'>commendabat</span> 
     </span>
    </p>
   </div>
   <div class='ocr_carea' id='block_1_5' title="bbox 218 3468 1076 3534">
    <p class='ocr_par' dir='ltr' id='par_1_10' title="bbox 218 3468 1076 3534">
     <span class='ocr_line' id='line_1_34' title="bbox 218 3468 1076 3534; baseline 0.013 -19"><span class='ocrx_word' id='word_1_255' title='bbox 218 3468 229 3500; x_wconf 79' lang='lat'><strong>⁴</strong></span> <span class='ocrx_word' id='word_1_256' title='bbox 238 3469 424 3533; x_wconf 66' lang='lat' dir='ltr'>patefecera&#39;tms</span> <span class='ocrx_word' id='word_1_257' title='bbox 435 3484 490 3520; x_wconf 87' lang='lat' dir='ltr'>corr</span> <span class='ocrx_word' id='word_1_258' title='bbox 500 3468 681 3534; x_wconf 79' lang='lat' dir='ltr'>inpatesacerit.</span> <span class='ocrx_word' id='word_1_259' title='bbox 841 3469 862 3502; x_wconf 81' lang='lat'>¹⁸</span> <span class='ocrx_word' id='word_1_260' title='bbox 877 3473 1015 3523; x_wconf 62' lang='lat' dir='ltr'>commatum</span> <span class='ocrx_word' id='word_1_261' title='bbox 1031 3489 1076 3527; x_wconf 81' lang='lat' dir='ltr'>ms.</span> 
     </span>
    </p>
   </div>
   <div class='ocr_carea' id='block_1_6' title="bbox 0 0 1300 3834">
    <p class='ocr_par' dir='ltr' id='par_1_11' title="bbox 0 0 1300 3834">
     <span class='ocr_line' id='line_1_35' title="bbox 0 0 1300 3834; baseline 0 0"><span class='ocrx_word' id='word_1_262' title='bbox 0 0 1300 3834; x_wconf 95' lang='lat' dir='ltr'> </span> 
     </span>
    </p>
   </div>
  </div>
 </body>
</html>
