2592 3834
146 197 261 280 nomn]
301 252 304 256 Α
493 258 495 261 .
566 217 725 268 ALcUIM
1080 206 1137 278 ¹83

206 347 255 404 De
282 345 430 422 opusculis
457 366 528 408 uero
556 348 660 408 beatae
687 345 898 408 recordationis
925 347 1033 418 Baeda‚
1061 366 1137 423 quae

74 523 76 526 ἡ
146 443 244 501 adhuc
257 443 403 519 descripta
420 464 482 503 non
500 445 600 518 habes,
615 445 756 522 promitto
774 465 831 519 me,
847 445 871 503 si
889 443 1137 517 uixerimus,-tuae

146 537 292 597 uoluntati
305 539 519 599 adiuncturum.

226 657 318 716 abbas
339 658 519 716 Gutberctus
539 668 598 717 tete
619 657 665 717 bis
687 669 788 733 terque
810 659 916 716 salutat
925 679 934 731 3

116 762 131 822 5
226 767 256 814 te
276 757 350 815 deus
370 755 558 832 omnipotens
576 757 690 815 saluum
711 766 868 815 conseruet
888 751 919 814 in
938 774 1056 814 aeuum.

620 949 668 1005 IX

152 1071 368 1196 DISCANT
393 1071 477 1149 pueri
506 1073 661 1150 scripturas
692 1093 796 1148 sacras,
825 1086 859 1135 ut
887 1086 984 1136 aetate
1011 1077 1139 1153 perfecta

254 1168 392 1228 ueniente
419 1168 492 1228 alios
520 1170 626 1228 docere
653 1170 774 1246 possint.
826 1170 877 1246 qui
903 1191 965 1231 non
993 1172 1079 1232 discit
1108 1171 1139 1231 in

146 1262 277 1340 pueritia,
299 1284 361 1324 non
379 1266 467 1324 docet
484 1264 515 1323 in
533 1274 691 1325 senectute.
742 1265 900 1342 recogitate
924 1265 1139 1328 nobilissimum

99 1385 135 1424 ro
147 1361 239 1420 nostri
267 1354 407 1440 temporis
433 1361 603 1438 magistrum
637 1363 769 1421 Baedam
801 1363 1020 1439 presbyterum:
1052 1366 1139 1440 quale

146 1455 248 1516 habuit
269 1457 300 1516 in
319 1456 470 1518 iuuentute
494 1457 626 1517 discendi
650 1457 789 1530 studium,
813 1459 931 1533 qualem
951 1476 1031 1516 nunc
1051 1458 1140 1518 habet

146 1552 222 1614 inter
234 1554 371 1614 homines
386 1554 513 1627 laudern,
529 1555 624 1614 multo
637 1553 778 1613 maiorem
796 1541 876 1630 atiud
898 1555 988 1613 deum
1008 1573 1140 1613 remune-
1161 1541 1165 1548 ’

146 1649 268 1710 rationis
288 1649 416 1726 gloriam.
458 1649 535 1708 illius
556 1648 642 1725 igitur
662 1651 798 1726 exemplo
817 1647 995 1709 dormientes
1014 1647 1140 1710 excitate

147 1765 271 1806 ammos.

99 1908 133 1968 15
626 1890 657 1947 X

202 2019 259 2076 ΕΙ)
286 2028 317 2077 et
344 2019 515 2093 angelorum
537 2013 719 2076 uisitationes
742 2019 809 2077 loca
833 2029 934 2077 sancta
956 2020 1140 2095 frequentare

240 2135 303 2174 non
323 2115 447 2174 dubium
467 2126 519 2174 est
560 2115 650 2174 fertur
668 2115 747 2174 enim
768 2115 938 2192 magistrum
957 2127 1089 2175 nostrum
1111 2127 1140 2174 et

146 2223 278 2273 uestrum
300 2223 457 2291 patronum
483 2215 604 2273 beatum
631 2213 739 2273 dixisse
767 2216 914 2274 Baedam:
943 2217 1006 2288 scio,
1033 2217 1141 2289 angelos

148 2313 268 2370 uisitare
282 2311 428 2369 canont'cas
446 2311 534 2369 horas
552 2314 580 2367 ct
596 2313 810 2386 congregationes
820 2299 995 2386 steteram,-
1017 2313 1095 2386 quid,
1114 2311 1142 2369 si

98 2432 135 2472 20
148 2410 190 2468 ibi
215 2428 258 2466 me
282 2427 339 2466 non
368 2407 519 2465 inueniunt
546 2409 622 2465 inter
636 2408 774 2483 fratres?
800 2415 899 2468 nonne
914 2409 1000 2468 dicere
1021 2409 1140 2468 habent:

149 2505 218 2566 ‘ubi
236 2516 281 2566 est
302 2506 422 2565 Baeda?
443 2522 533 2582 quare
547 2523 609 2564 non
622 2503 705 2564 uenit
723 2504 922 2565 adorationes
936 2515 1058 2565 statutas
1072 2524 1139 2564 cum

113 2620 115 2623 ·
147 2599 316 2659 fratribus?

620 2757 667 2814 XI

290 2875 532 2936 EMPORIBVS
552 2873 653 2950 primis
674 2871 794 2949 praefati
813 2871 954 2950 praesulis
974 2871 1060 2931 huius

98 2999 134 3060 25
315 2973 468 3049 presbyter
488 2969 610 3030 eximius
629 2969 749 3042 meritis,
771 2969 949 3045 cognomine
969 2969 1058 3041 Beda,

195 3108 207 3141 θ
223 3109 343 3158 Alcuinus
353 3109 451 3172 writing
461 3116 488 3157 to
499 3109 541 3157 the
551 3107 641 3158 monks
654 3108 683 3157 os
696 3107 858 3157 Wearmouth
874 3106 923 3155 and
937 3106 1032 3169 Jarrow
1046 3119 1080 3152 on
1097 3101 1139 3156 the

147 3173 260 3224 invasion
270 3173 299 3222 of
311 3174 352 3222 the
364 3174 504 3222 Northmen
515 3173 577 3221 aster
587 3175 602 3222 8
612 3173 677 3236 June
686 3179 735 3235 ‘793
748 3171 819 3235 (epist
831 3185 861 3232 27
873 3186 890 3234 p
902 3185 949 3219 200
959 3168 1039 3233 Jaffe').

197 3237 218 3269 ¹⁸
234 3238 311 3286 Idemv
324 3238 388 3300 epist
406 3251 453 3300 274
467 3253 484 3300 p
500 3240 548 3299 844
562 3236 596 3298 (to
614 3237 656 3285 the
675 3236 764 3284 monks
781 3235 810 3284 of
824 3236 853 3285 St
867 3232 958 3284 Peter’s
976 3231 1138 3288 Wearmouth

148 3302 232 3355 before
244 3304 291 3363 804
302 3304 361 3362 AD).
397 3301 432 3350 ef
441 3301 655 3350 Haddan·Stubbs
667 3312 700 3348 111
712 3315 766 3361 471.

196 3363 218 3396 ²³
235 3365 355 3414 Alcuinus
365 3366 397 3415 de
408 3366 497 3415 sanctis
508 3366 606 3415 Eborac
617 3364 670 3415 eccl
683 3367 849 3428 1287—1317.

196 3428 219 3462 ²⁴
237 3427 330 3480 ‘huius’
342 3429 458 3497 Ecgbert.
