2592 3834
196 234 235 291 ⁶6
454 252 616 302 vroroxr
635 252 683 304 os
699 251 796 303 xmo
817 248 933 300 osum.
1119 213 1185 311 [111

195 379 220 437 si
247 377 342 439 uictor
365 378 508 454 existeret,
533 382 623 441 filiam
651 391 736 441 suam
763 379 886 441 domino
913 398 994 439 sacra
1020 376 1187 455 uirginitate

195 474 352 535 dicandam
371 478 485 537 offerret
506 477 592 539 simul
614 490 643 539 et
663 478 703 537 xii
720 478 920 555 possessiones
940 476 1127 555 praediorum
1147 476 1187 536 ad

195 574 393 632 construenda
417 574 593 634 monasteria
619 575 762 635 donaret:
797 586 827 634 et
851 574 893 633 sic
917 593 986 633 cum
1008 572 1188 650 paucissimo

196 666 323 725 exercitu
348 685 379 726 se
403 668 554 727 certamini
581 668 676 730 dediti
726 669 854 746 denique
878 671 968 728 fertur
994 668 1064 744 quia
1091 665 1187 727 tricies

195 762 337 822 maiorem
361 765 467 840 pagani
491 765 645 826 habuerint
670 766 847 840 exercitum3
881 765 1027 842 siquidem
1051 763 1107 841 ipsi
1130 784 1188 822 xxx
1216 779 1232 837 5

196 857 326 933 legiones
349 859 473 919 ducibus
497 860 684 920 nobilissimis
711 861 866 920 instructas
890 860 922 918 in
948 861 1027 919 bello
1048 859 1187 931 habuere,

151 976 152 981 ¹
197 953 303 1030 quibus
326 955 419 1015 Osuiu
439 976 491 1015 rex
514 976 582 1016 cum
606 956 1048 1033 Alchsridofilio,p'erpan1um
1070 967 1103 1015 ut
1128 954 1189 1015 dixi
1218 950 1224 962 '

196 1051 308 1111 habens
322 1052 481 1112 exercitum
496 1055 548 1113 sed
563 1053 680 1115 Christo
697 1055 772 1114 duce
791 1056 927 1127 confisus,
942 1054 1075 1116 occurrit
1118 1074 1190 1112 nam

196 1148 270 1206 alius
284 1148 359 1209 filius
374 1150 436 1209 eius
452 1151 569 1228 Ecgfrid
586 1171 622 1211 eo
641 1162 773 1227 tempore
789 1150 820 1210 in
837 1150 990 1227 prouincia
1009 1149 1190 1210 Merciorum

197 1244 276 1319 apud
290 1244 419 1321 reginam
431 1246 559 1323 Cynuise
573 1250 661 1307 obses
674 1248 846 1322 tenebatur;
866 1247 942 1307 filius
956 1257 1055 1306 autem
1064 1247 1191 1308 Osualdi
1206 1260 1237 1298 10

196 1339 271 1415 regis
287 1340 445 1415 Oidiluald,
466 1343 517 1419 qui
535 1342 576 1403 eis
595 1343 705 1403 auxilio
724 1363 787 1403 esse
806 1344 955 1416 debuerat,
976 1342 1007 1401 in
1027 1354 1108 1419 parte
1127 1354 1191 1402 erat

197 1437 429 1497 aduersariorum
448 1424 618 1515 eisdemque
638 1451 741 1499 contra
758 1438 882 1515 patriam
900 1449 930 1498 et
947 1448 1083 1514 patruum
1102 1457 1191 1497 suum

197 1532 368 1609 pugnaturis
391 1534 497 1593 ductor
523 1533 679 1606 exstiterat,
705 1532 840 1611 quamuis
866 1533 932 1609 ipso
959 1544 1092 1608 tempore
1118 1550 1192 1610 pug-

198 1630 289 1689 nandi
306 1649 369 1690 sese
386 1650 502 1707 pugnae
521 1628 701 1691 subtraxerat
719 1642 919 1706 euentumque
937 1629 1111 1690 discriminis
1124 1642 1192 1690 tuto

197 1728 229 1784 in
250 1728 318 1786 loco
339 1727 534 1803 exspectabat.
576 1726 651 1785 inito
675 1745 744 1802 ergo
768 1726 927 1785 certamine
954 1721 1045 1803 fugati
1068 1736 1136 1784 sunt
1161 1737 1191 1786 et
1207 1746 1236 1803 15

199 1823 277 1883 caesi
290 1823 404 1899 pagani,
420 1824 510 1883 duces
524 1822 595 1899 regii
608 1844 666 1881 xxx
679 1822 729 1899 qui
743 1824 782 1882 ad
798 1822 939 1881 auxilium
952 1831 1094 1882 uenerant
1112 1840 1191 1897 pene
1278 1869 1280 1890 ,

199 1936 303 1975 omnes
324 1915 484 1976 interfecti:
519 1915 549 1974 in
572 1916 679 1993 quibus
700 1915 860 1989 Aedilheri,
888 1917 975 1974 frater
1000 1911 1089 1974 Anna
1115 1915 1192 1992 regis

200 2010 393 2071 Orientalium
413 2012 575 2087 Anglorum
595 2010 646 2087 qui
668 2022 736 2087 post
756 2029 825 2070 eum
844 2010 984 2087 regnauit,
1004 2020 1107 2071 auctor
1125 2008 1212 2086 ipse⁴

199 2104 276 2178 belli,
302 2106 421 2181 perditis
448 2106 589 2169 militibus
616 2106 679 2166 siue
706 2107 819 2166 auxiliis
846 2106 1025 2165 interemtus.
1067 2115 1097 2164 et
1120 2104 1192 2181 quia
1277 2103 1279 2134 ⁵

199 2220 291 2278 prope
310 2201 433 2260 fluuium
451 2201 588 2261 Vinuaed
606 2213 769 2278 pugnatum
789 2212 840 2272 est,
860 2200 912 2276 qui
930 2210 1001 2259 tunc
1019 2219 1089 2276 prae
1107 2198 1193 2257 inun-
1206 2224 1240 2261 20

200 2298 301 2357 dantia
314 2298 479 2373 pluuiarum
497 2300 555 2358 late
574 2300 692 2357 alueum
711 2318 796 2357 suum
811 2297 902 2356 immo
916 2315 1019 2356 omnes
1032 2295 1109 2372 ripas
1123 2314 1192 2355 suas
1276 2293 1278 2359 Ῐ

200 2393 359 2461 transierat,
387 2393 508 2471 contigit
531 2403 564 2452 ut
592 2395 685 2455 multo
712 2395 809 2471 plures
831 2411 908 2468 aqua
931 2391 1074 2468 fugientes
1101 2408 1192 2466 quam

200 2489 343 2547 bellantes
357 2491 490 2565 perderet
505 2490 589 2549 ensis.

260 2584 347 2642 Tunc
361 2605 411 2644 rex
425 2585 519 2647 Osuiu
533 2586 613 2645 iuxta
631 2586 713 2662 quod
731 2584 853 2645 domino
871 2593 994 2644 uouerat
1006 2601 1060 2659 pro
1074 2584 1193 2642 conlata
1275 2597 1277 2602 '

201 2678 257 2739 sibi
275 2678 398 2744 uictoria
413 2680 517 2755 gratias
536 2683 593 2741 deo
612 2683 746 2752 referens,
767 2680 850 2740 dedit
867 2680 956 2739 filiam
974 2698 1059 2738 suam
1076 2679 1193 2737 Aelffle-
1205 2698 1236 2756 ²5

202 2774 280 2844 dam,
295 2793 370 2849 quae
386 2774 509 2833 uixdum
527 2776 613 2835 unius
629 2775 699 2834 anni
717 2786 844 2835 aetatem
862 2774 1032 2849 inpleuerat,
1050 2783 1192 2849 perpetua
1274 2798 1276 2802 ·

202 2871 230 2929 ei
244 2870 406 2945 uirginitate
421 2873 667 2931 consecrandam:
688 2871 805 2932 donatis
823 2870 942 2946 insuper
958 2870 997 2928 xii
1013 2868 1190 2945 possessiun-

203 2965 275 3023 culis
297 2976 443 3036 terrarum,
467 2964 498 3023 in
522 2965 628 3041 quibus
650 2966 748 3025 ablato
770 2964 867 3025 studio
895 2963 1015 3022 militiae
1041 2962 1190 3035 terrestris,

203 3063 241 3120 ad
265 3062 457 3121 exercendam
485 3061 617 3121 militiam
644 3065 801 3121 caelestem
828 3061 1112 3137 supplicandumque
1138 3077 1192 3135 pro
1273 3068 1275 3080 ¹

203 3178 275 3234 pace
299 3156 393 3235 gentis
418 3156 479 3216 eius
506 3168 625 3217 aeterna
653 3156 806 3217 deuotioni
833 3158 952 3217 sedulae
980 3156 1190 3215 monachorum
1204 3176 1242 3233 30

203 3256 286 3313 locus
308 3256 487 3331 facultasque
509 3266 683 3333 suppeteret.
726 3275 743 3315 e
766 3254 872 3332 quibus
893 3254 1033 3313 uidelicet
1055 3252 1193 3338 possessi·
1272 3308 1274 3316 .

203 3347 318 3407 unculis
331 3368 382 3408 sex
394 3347 426 3408 in
439 3349 591 3425 prouincia
608 3353 754 3410 Derorum
768 3370 820 3410 sex
833 3350 864 3409 in
878 3348 1079 3409 Berniciorum
1092 3347 1193 3422 dedit;

397 3460 423 3490 '²¹
440 3462 564 3511 transterit
574 3478 618 3511 ms.
655 3462 787 3510 transierat
797 3461 904 3511 secunda
914 3476 996 3510 manu
