2592 3834
148 222 202 298 211
298 243 436 304 nsaw
455 243 503 292 or
519 243 660 293 ennon.
685 242 831 293 ‹nrsrror’
848 241 982 293 nrum.
1099 242 1138 305 59

143 367 217 442 eius,
233 369 345 431 habens
360 390 490 432 sororem
504 370 594 450 ipsius
608 370 765 447 coniugem
778 370 926 431 uocabulo
940 368 1141 448 Cyuiburgam

142 464 235 522 filiam
249 467 371 524 Pendan
385 466 469 543 regis.

205 560 374 637 Baptizatus
388 574 434 622 est
448 582 517 639 ergo
529 582 548 621 a
562 562 677 624 Finano
690 563 833 640 episcopo
849 580 917 622 cunr
935 562 1073 622 omnibus
1087 561 1139 639 qui

142 676 245 715 secum
268 669 413 719 uenerant
436 658 594 720 comitibus
615 678 652 718 ac
673 659 815 719 militibus
839 678 1001 736 eorumque
1021 658 1139 721 famulis

110 764 127 823 5
143 753 287 814 uniuersis
306 754 338 814 in
354 755 421 814 uico
439 756 514 831 regis
533 755 645 817 inlustri
664 754 716 832 qui
734 767 857 816 uocatur
871 757 921 815 Ad
938 759 1065 815 Mururn
1107 766 1139 819 et

140 958 262 1023 gentem
278 947 356 1007 illius
370 960 400 1009 et
414 948 577 1008 eruditione
595 960 625 1009 et
643 949 706 1009 uita
722 950 900 1010 uidebantur
917 950 1025 1023 idonei,
1043 954 1138 1013 multo

140 1061 210 1101 cum
229 1042 491 1118 gaudioreuersus
510 1054 561 1104 est
606 1053 689 1104 erant
709 1055 809 1103 autem
827 1040 990 1123 presbyteri
1001 1047 1087 1107 Cedd
1107 1058 1138 1107 et

139 1138 232 1198 Adda
248 1148 279 1197 et
298 1138 376 1199 Betti
401 1148 431 1198 et
451 1139 568 1213 Diuma,
592 1159 717 1215 quorum
734 1140 855 1201 ultimus
873 1142 993 1202 natione
1009 1145 1135 1216 Scottus,

86 1232 232 1293 roceteri
258 1236 339 1293 fuere
367 1234 405 1293 de
432 1234 543 1311 Anglis.
590 1236 679 1294 Adda
704 1246 804 1295 autem
831 1247 892 1296 erat
918 1238 1006 1297 irater
1032 1239 1134 1310 Vttan‚

139 1331 304 1408 presbyteri
326 1332 452 1391 inlustris
473 1342 502 1392 et
520 1332 635 1392 abbatis
658 1332 827 1393 monasterii
848 1333 929 1409 quod
951 1344 1074 1394 uocatur
1086 1337 1136 1397 Ad

140 1429 258 1502 Caprae
273 1429 379 1503 Caput,
400 1428 484 1487 cuius
506 1446 593 1504 supra
609 1426 804 1488 meminimus
846 1427 999 1488 uenientes
1017 1447 1086 1505 ergo
1104 1428 1135 1488 in

139 1523 325 1599 prouinciam
343 1522 497 1584 memorati
515 1525 684 1583 sacerdotes
697 1543 766 1583 cum
779 1522 912 1600 principe
925 1524 1136 1601 praedicabant

138 1622 265 1679 uerbum
279 1630 309 1679 et
323 1618 448 1679 libenter
460 1618 553 1679 auditi
572 1629 648 1691 sunt,
667 1619 811 1695 multique
825 1620 935 1681 cotidie
949 1631 979 1681 et
991 1621 1133 1682 nobilium

83 1738 122 1797 15
138 1728 171 1777 et
190 1716 370 1776 infirmorum
389 1714 593 1776 abrenuntiata
610 1718 697 1776 sorde
716 1716 869 1777 idolatriae
883 1717 953 1778 fidei
966 1729 1035 1778 sunt
1052 1721 1134 1781 fonte

137 1812 240 1872 abluti

177 1912 268 1969 -Nec
296 1907 445 1985 prohibuit
464 1910 567 1968 Penda
589 1928 641 1969 rer
662 1907 733 1984 quin
754 1908 842 1968 etiam
870 1908 901 1967 in
928 1929 988 1983 sua,
1010 1910 1068 1971 hoc
1089 1923 1134 1972 est

137 2004 331 2075 Merciorum,
350 2003 471 2063 natione
489 2005 621 2076 uerbum,
641 2002 667 2062 si
687 2003 739 2080 qui
759 2006 869 2063 uellent
889 2005 999 2078 audire,
1021 2008 1133 2084 praedi·

136 2113 262 2161 caretur.
298 2100 370 2177 quin
388 2100 486 2176 potius
503 2100 573 2161 odio
592 2101 721 2160 habebat
739 2111 770 2159 et
788 2100 970 2178 despiciebat
987 2121 1039 2163 eos
1057 2125 1132 2182 quos

81 2230 124 2267 20
136 2197 200 2255 fide
222 2195 330 2257 Christi
357 2196 477 2256 inbutos
500 2215 591 2272 opera
613 2196 682 2255 fidei
709 2216 771 2256 non
797 2197 905 2256 habere
929 2198 1130 2276 deprehendit,

136 2295 243 2353 dicens
263 2294 497 2354 contemnendos
518 2312 582 2353 esse
605 2312 656 2352 eos
684 2304 713 2353 et
732 2293 855 2354 miseros
876 2294 928 2371 qui
948 2297 1006 2357 deo
1027 2318 1081 2359 suo
1100 2299 1133 2360 in

135 2412 229 2469 quem
248 2394 400 2452 crederent
418 2390 559 2450 oboedire
578 2400 808 2451 contemnerent.
851 2402 957 2469 coepta
974 2405 1042 2455 sunt
1057 2397 1132 2457 haec

133 2488 260 2549 biennio
273 2498 342 2547 ante
355 2496 480 2546 mortem
494 2485 617 2545 Pendan
631 2485 715 2562 regis.
757 2486 822 2563 ipso
836 2499 934 2548 autem
949 2490 1048 2552 occiso
1062 2512 1130 2553 cum

133 2586 234 2647 Osuiu
247 2604 299 2644 rex
319 2582 502 2644 Christianus
521 2601 641 2659 regnum
660 2583 723 2642 eius
742 2584 887 2660 acciperet
906 2598 940 2646 ut
958 2587 988 2647 in
1009 2608 1132 2665 sequen·

131 2777 339 2838 sacerdotibus
353 2776 509 2854 episcopus
524 2775 808 2836 Mediterraneorum
822 2778 985 2855 Anglorum
999 2781 1086 2842 simul
1099 2796 1130 2845 et

122 2872 325 2945 Merciorum,
350 2871 501 2930 ordinatus
523 2890 541 2929 a
564 2870 680 2930 Finano
701 2870 850 2949 episcopo.
893 2876 1026 2951 paucitas
1049 2877 1128 2938 enim

130 2968 322 3030 sacerdotum
341 2967 466 3043 cogebat
486 2986 578 3025 unum
599 2967 760 3027 antistitem
778 2969 895 3030 duobus
914 2974 1031 3049 populis
1048 2994 1130 3050 prae-

128 3063 191 3123 fici.
233 3062 286 3139 qui
312 3082 380 3121 cum
402 3080 499 3138 pauco
521 3064 576 3121 sub
603 3072 736 3139 tempore
762 3083 825 3123 non
851 3085 976 3141 paucam
1005 3068 1128 3130 domino

70 3186 116 3243 30
128 3161 254 3238 plebem
287 3158 472 3236 adquisisset,
504 3160 659 3219 defunctus
691 3172 736 3220 est
774 3164 855 3237 apud
893 3164 1127 3228 Mediterraneos

128 3259 249 3333 Anglos
267 3255 298 3316 in
314 3256 434 3331 regione
449 3274 525 3332 quae
538 3267 661 3315 uocatur
675 3257 891 3337 Inleppingum.
929 3262 1057 3340 suscepit
1074 3284 1129 3341 pro

126 3355 187 3416 illo
204 3353 407 3431 episcopatum
421 3354 561 3415 Ceollach
576 3367 604 3413 et
617 3352 681 3429 ipse
696 3355 735 3413 de
748 3354 869 3417 natione
883 3358 1057 3435 Scottorum,
1074 3360 1126 3438 qui

499 3462 538 3525 ¹¹?
553 3463 744 3529 dirpz‘ciebatrns.
826 3513 828 3520 ,
