2592 3834
135 251 274 334 (17)=15]
290 266 521 320 rnaooona’s
531 270 628 321 cana
636 270 708 320 rou
718 263 1052 317 Encrrsrrcrruacm
1068 231 1123 326 1'23

134 397 297 474 praefatum
320 398 439 474 pelagus
461 397 557 471 intrat,
585 397 728 475 finitoque
755 397 895 458 conflictu
921 396 953 458 in
980 416 1124 458 oceanum

16 500 41 528 s
134 491 232 566 refusi,
246 494 324 552 unde
338 502 489 566 uenerant,
503 493 635 554 redeunt

568 749 685 833 [xvir]

141 899 248 1022 HIS
262 897 442 974 temporibus
456 897 578 957 audiens
592 899 768 957 Theodorus
787 897 874 958 tidem
890 897 1031 958 ecclesiae
1046 900 1123 960 Con·

98 997 116 1056 5
239 993 429 1068 stantinopoli
455 1012 508 1069 per
538 992 682 1052 haeresim
710 992 880 1068 Eutychetis
906 994 1031 1052 multum
1058 1012 1122 1053 esse

131 1092 278 1149 turbatam
298 1099 328 1148 et
348 1087 485 1148 ecclesias
507 1089 669 1164 Anglorum
693 1088 800 1165 quibus
818 1101 950 1165 praeerat
966 1092 1005 1150 ab
1026 1089 1122 1149 huius-

131 1187 215 1248 modi
234 1190 302 1248 labe
320 1187 456 1247 inmunes
476 1188 633 1264 perdurare
655 1187 833 1260 desiderans,
856 1192 981 1250 collecto
1004 1209 1122 1251 uenera-

130 1283 235 1342 bilium
258 1284 443 1342 sacerdotum
464 1283 678 1358 doctorumque
701 1282 893 1359 plurimomm
917 1296 1013 1358 coetu,
1038 1285 1120 1344 cuius

131 1389 230 1438 essent
252 1378 322 1439 fidei
343 1379 449 1455 singuli
470 1379 590 1438 sedulus
611 1377 777 1454 inquirebat
795 1379 988 1456 omniumque
1009 1380 1120 1440 uniani-

78 1491 117 1530 10
131 1493 210 1534 mem
230 1474 262 1533 in
279 1476 338 1534 fide
357 1473 502 1533 catholica
521 1473 649 1550 repperit
667 1492 863 1534 consensum:
887 1486 916 1534 et
937 1477 1015 1534 hunc
1036 1495 1120 1553 syno

130 1569 246 1630 dalibus
266 1570 367 1629 litteris
385 1571 424 1628 ad
445 1569 666 1629 instructionem
685 1569 916 1646 memoriamque
933 1573 1118 1648 sequentium

129 1666 339 1726 commendare
365 1664 487 1739 curauit,
521 1684 645 1741 quarum
678 1665 817 1726 uidelicet
851 1667 1011 1728 litterarum
1040 1667 1118 1729 istud

130 1761 283 1822 exordium
298 1773 358 1823 est:

130 1914 139 1943 ⁸
155 1902 218 2026 IN
232 1903 351 1963 nomine
365 1900 479 1963 domini
491 1901 583 1961 nostri
597 1903 666 1962 Iesu
681 1899 789 1964 Christi
802 1903 960 1977 saluatoris,
976 1903 1118 1982 imperan-

74 2017 114 2076 .15
209 2000 286 2061 tibus
304 1997 432 2060 dominis
450 1995 586 2074 piissimis
603 1997 710 2057 nostris
733 1999 872 2074 Ecgsrido
885 2019 954 2076 rege
969 2002 1117 2077 Hymbro·
1161 1991 1162 1994 ¹

129 2099 274 2170 nensium‚
288 2115 368 2155 anno
387 2106 420 2152 x⁰
432 2093 514 2170 regni
534 2093 596 2153 eius
618 2095 672 2152 sub
687 2093 736 2153 die
753 2113 792 2153 xu
813 2095 955 2154 kalendas
972 2097 1117 2156 Octobres

129 2193 290 2254 indictione
304 2189 362 2262 uiii,
378 2200 408 2248 et
427 2187 586 2248 Aedilredo
603 2205 672 2263 rege
691 2188 920 2248 Mercinensium
941 2208 1020 2248 anno
1033 2202 1116 2252 sexto

129 2289 210 2367 regni
223 2287 294 2359 eius,
309 2297 339 2346 et
357 2284 497 2343 Alduulso
516 2303 585 2359 rege
607 2284 826 2359 Estranglomm
847 2290 927 2345 anno
944 2284 1017 2344 xuii⁰
1034 2286 1116 2362 regni

128 2385 200 2458 eius,
215 2395 245 2444 et
258 2379 417 2442 Hlothario
434 2397 502 2454 rege
521 2377 745 2439 Cantuariorum
763 2379 845 2455 regni
865 2379 926 2440 eius
942 2401 1021 2442 anno
1040 2381 1115 2442 urio:

78 2499 116 2536 κο
128 2479 312 2558 praesidente
333 2474 492 2535 Theodoro
518 2474 610 2551 gratia
633 2472 682 2534 dei
708 2475 929 2553 archiepiscopo
957 2477 1115 2540 Brittaniae

127 2577 239 2634 insulae
266 2583 296 2632 et
322 2569 448 2629 ciuitatis
475 2569 678 2632 Domuemis:
706 2589 766 2630 uua
793 2590 861 2629 cum
884 2589 922 2630 eo
946 2573 1116 2636 sedentibus

128 2670 231 2731 ceteris
245 2666 390 2746 episcopis
404 2665 561 2724 Brittaniae
579 2663 692 2726 insulae
711 2665 780 2727 uiris
798 2667 1015 2728 uenerabilibus
1035 2690 1115 2747 prae-

127 2749 230 2843 positis
243 2761 434 2824 sacrosanctis
447 2760 606 2837 euangeliis
619 2761 650 2820 in
664 2764 731 2822 loco
745 2763 796 2840 qui
809 2763 954 2824 Saxonico
968 2768 1115 2828 uocabulo

129 2862 301 2926 Haethfelth
324 2857 499 2934 nominatur,
522 2856 630 2933 pariter
654 2870 810 2920 tractantes
833 2861 923 2918 fidem
950 2871 1060 2921 rectam
1085 2876 1115 2924 et

77 2977 113 3037 25
127 2958 320 3020 orthodoxam
333 2952 530 3029 exposuimus,
541 2951 616 3012 sicut
629 2953 766 3013 dominus
780 2965 878 3014 noster
887 2957 970 3014 Iesus
982 2955 1114 3017 Christus

126 3055 291 3116 incarnatus
305 3049 424 3111 tradidit
437 3047 587 3124 discipulis
601 3048 660 3108 suis
674 3050 725 3126 qui
738 3049 968 3126 praesentialiter
977 3050 1114 3113 uiderunt

127 3163 156 3211 et
176 3148 501 3221 audieruntfsermones
522 3142 593 3215 eius
618 3154 707 3221 atque
729 3156 897 3204 sanctorum
920 3156 1036 3221 patrum
1060 3158 1114 3207 tra-

126 3244 200 3306 didit
217 3243 390 3320 symbolum,
413 3250 443 3299 et
460 3239 632 3316 generaliter
650 3261 753 3300 omnes
774 3239 866 3300 sancti
886 3250 916 3300 et
935 3239 1113 3303 uniuersales

126 3337 230 3420 synodi
244 3347 274 3396 et
286 3335 382 3396 omnis
402 3334 597 3411 probabilium
616 3335 777 3396 catholicae
798 3332 939 3393 ecclesiae
958 3335 1113 3399 doctorum

251 3475 389 3527 ⁸XVms.
746 3469 982 3539 tquectomms.
