2592 3834
545 233 742 283 namanes.
1050 215 1161 299 [rusur-

649 436 682 492 ΙΙ

232 545 459 604 RAETEREA
485 546 619 618 obsecro,
645 555 680 604 ut
705 537 779 606 mihi
810 545 849 605 de
878 543 1028 621 opusculis
1059 545 1162 604 Bedan

244 639 361 700 lectoris
374 640 488 716 aliquos
502 651 642 700 tractatus
656 640 842 702 conscribere
856 653 885 700 et
898 639 1021 716 dirigere
1035 639 1163 716 digneris

169 753 300 810 -quem
312 754 415 811 nuper,
426 746 460 794 ut
472 734 645 808 audiuimus,
659 734 759 794 diuina
772 734 865 810 gratia
878 733 997 811 spiritali
1011 735 1161 796 intellectu

170 831 275 892 ditauit
296 842 327 892 et
346 831 377 890 in
397 844 495 891 uestra
514 831 668 908 prouincia
687 832 796 908 fulgere
817 831 1032 892 concessit—et
1048 841 1080 890 ut
1093 850 1161 890 can·
1196 863 1213 924 5

90 973 93 979 .
169 926 245 998 dela,
261 945 350 1004 quam
368 926 454 986 uobis
468 925 606 986 dominus
620 925 739 1004 largitus
754 938 806 1000 est,
822 945 877 986 nos
891 945 1010 1003 quoque
1024 928 1158 986 fruamur.

637 1130 690 1188 III

174 1242 381 1366 INTEREA
404 1261 549 1319 rogamus,
571 1253 604 1302 ut
627 1242 787 1319 aliquade
812 1239 960 1318 opusculis
984 1237 1163 1316 sagacissimi

241 1337 456 1414 inuestigatoris
470 1337 675 1413 scripturarum
689 1339 791 1397 Bedan
806 1335 951 1409 monachi,
967 1355 1056 1413 quem
1069 1355 1164 1412 nuper

169 1434 200 1494 in
216 1435 309 1495 domo
328 1434 376 1494 dei
395 1434 475 1510 apud
495 1454 549 1493 uos
569 1434 635 1494 uice
656 1436 797 1494 candelae
811 1433 1026 1493 ecclesiasticae
1040 1431 1162 1492 scientia
1178 1451 1215 1490 10

169 1531 374 1608 scripturarum
397 1529 510 1590 fulsisse
530 1530 705 1603 audiuimus,
727 1530 891 1607 conscripta
910 1530 998 1589 nobis
1017 1529 1162 1589 transmit·

170 1639 230 1687 tere
244 1626 412 1704 dignemini.
456 1639 485 1686 et
498 1626 523 1684 si
536 1627 622 1686 uobis
635 1625 816 1686 laboriosum
835 1647 897 1687 non
911 1627 956 1700 sit,
978 1638 1011 1687 ut
1031 1628 1161 1686 cloccam

169 1743 258 1782 unam
284 1723 372 1783 nobis
399 1722 607 1797 transmittatis,
629 1724 740 1798 grande
760 1723 903 1783 solacium
922 1722 1162 1800 peregrinationis

169 1832 285 1880 nostrae
299 1818 500 1880 transmittitis.

638 1983 685 2040 IV
1177 2016 1211 2074 15

174 2096 345 2222 MODO
364 2096 443 2155 enirn
462 2094 608 2155 inhianter
625 2095 827 2154 desiderantes
842 2094 1014 2172 flagitamus,
1029 2104 1061 2153 ut
1075 2093 1161 2154 nobis

301 2195 341 2253 ad
360 2192 500 2270 gaudium
518 2194 657 2253 maeroris
674 2193 766 2252 nostri
787 2211 823 2252 eo
841 2193 941 2266 modo,
961 2212 1021 2268 quo
1043 2203 1073 2252 et
1093 2203 1161 2252 ante

167 2290 227 2349 iam
246 2288 363 2362 fecistis
385 2290 513 2365 aliquam
536 2289 710 2364 particulam
730 2289 779 2347 uel
799 2287 955 2347 scintillam
978 2289 1015 2347 de
1037 2288 1161 2347 candela

169 2386 319 2459 ecclesiae,
344 2405 433 2462 quarn
456 2385 559 2444 inluxit
579 2385 697 2462 spiritus
718 2396 836 2444 sanctus
857 2383 887 2443 in
908 2383 1076 2461 regionibus
1095 2405 1161 2461 pro

168 2482 282 2541 uinciae
303 2494 425 2554 uestrae,
440 2482 527 2541 nobis
541 2483 687 2541 destinare
701 2482 826 2555 curetis3
846 2481 935 2541 idest
955 2492 988 2540 ut
1005 2483 1043 2541 de
1057 2492 1159 2541 tracta·
1174 2514 1213 2552 20

93 2599 95 2602 ⁴
168 2578 255 2652 tibus
283 2597 358 2653 quos
388 2577 523 2653 spiritalis
549 2578 694 2654 presbiter
723 2588 752 2637 et
779 2576 971 2652 inuestigator
994 2588 1160 2636 sanctarum

169 2673 372 2750 scripturarum
401 2675 484 2732 Beda
510 2676 668 2734 reserando
695 2673 862 2750 conposuit,¹
889 2685 1001 2751 partem
1033 2677 1161 2751 qualem-

168 2788 295 2845 cumque
322 2767 516 2828 transmittere
543 2768 723 2845 dignemini;
757 2769 883 2828 maxime
911 2780 1018 2842 autem,
1047 2769 1071 2828 si
1098 2771 1160 2829 fore

168 2865 381 2943 possit-quod
408 2865 496 2924 nobis
522 2866 760 2942 praedicantibus
783 2865 882 2932 habile
911 2877 940 2926 et
966 2869 1103 2927 manuale
1130 2878 1160 2927 et

168 2960 324 3019 utillimum
348 2980 412 3019 esse
435 2959 682 3038 uidetur-super
704 2960 905 3022 lectionarium
929 2960 1158 3022 anniuersarium
1173 2990 1189 3027 2
1195 2989 1211 3046 5

169 3069 198 3117 et
211 3057 368 3135 prouerbia
381 3057 554 3116 Salomonis
597 3057 666 3133 quia
680 3057 895 3117 conmentarios
916 3077 1003 3134 super
1022 3056 1072 3116 illa
1092 3077 1159 3118 eum

168 3153 337 3216 condidisse
355 3153 527 3213 audiuimus.

216 3299 227 3332 ¹
243 3299 380 3348 Bonifatius
391 3316 422 3368 ep
436 3299 465 3349 61
479 3316 495 3364 p
510 3300 556 3350 180
565 3299 628 3363 Jaue'
640 3308 666 3349 to
678 3300 784 3364 Ecgbert
795 3301 845 3414 Ἢ)
857 3302 886 3352 of
897 3301 974 3352 Yorlr.

215 3363 227 3397 ⁷
243 3364 315 3412 Idem
326 3380 357 3428 ep
368 3364 398 3413 61
408 3381 425 3428 p
437 3366 479 3413 181
492 3373 518 3414 to
531 3365 672 3414 Huetberht
683 3365 758 3414 abbat
767 3366 795 3414 of
838 3368 965 3416 earmouth
976 3367 1134 3432 andJarroW.

217 3427 240 3460 ¹⁸
256 3428 328 3477 Idem
338 3445 370 3492 ep
385 3443 430 3478 roo
441 3445 457 3493 p
470 3431 554 3492 ageio
566 3427 673 3491 Ecgbert
684 3430 733 3492 abp
745 3429 774 3478 os
782 3429 862 3479 York.
