2592 3834
126 206 190 287 ιι]
525 224 723 273 mareins
1084 223 1123 283 ³⁹

122 354 279 431 patefecit.
319 376 389 415 nam
412 366 475 415 tota
497 375 533 415 ea
555 364 644 416 nocte
666 358 807 415 columna
829 355 903 415 lucis
924 370 943 414 a
966 372 1048 414 carro
1071 352 1123 415 illo

123 452 167 510 ad
183 453 298 510 caelum
312 471 405 527 usque
419 463 553 527 porrecta
569 451 707 512 omnibus
726 470 803 530 pene
820 451 954 511 eiusdem
968 448 1123 510 Lindissae

123 544 300 621 prouinciae
315 546 389 606 locis
408 546 568 622 conspicua
586 547 690 605 stabat.
733 546 813 605 unde
829 563 917 604 mane
930 546 1009 604 iacto
1022 545 1123 604 fratrea

124 639 300 699 monasterii
316 640 401 714 illius,
420 639 471 717 qui
489 640 583 717 pridie
600 640 774 714 abnuerant,
788 639 942 716 diligenter
954 637 1011 715 ipsi
1023 649 1124 715 petere

85 761 106 821 5
125 746 292 810 coeperunt
314 747 347 795 ut
366 736 447 812 apud
467 754 499 795 se
519 736 643 795 eaedem
664 746 783 795 sanctae
802 754 838 794 ac
859 735 916 795 deo
937 734 1063 794 dilectae
1082 752 1125 793 re·
1148 762 1154 795 r

124 828 239 906 liquiae
258 832 461 890 conderentur.
503 833 565 892 lota
582 830 670 908 igitur
689 850 757 894 ossa
774 829 934 889 intulerunt
950 828 981 887 in
997 829 1123 901 thecam,

125 943 221 1001 quam
231 925 263 984 in
273 927 331 986 hoc
344 938 597 1003 praeparauerant,
608 937 698 1003 atque
708 926 738 984 in
753 924 877 984 ecclesia
890 924 971 983 iuxta
979 924 1124 983 honorem

125 1039 293 1097 congruum
314 1032 475 1097 posuerunt
484 1043 493 1095 3
527 1034 557 1083 et
577 1034 610 1081 ut
629 1021 710 1099 regia
729 1020 785 1080 uiri
804 1019 899 1079 sancti
919 1037 1046 1095 persona
1064 1036 1125 1077 me-

125 1116 255 1176 moriam
269 1118 390 1177 haberet
403 1130 561 1191 aeternam,
574 1118 715 1177 uexillum
728 1117 792 1177 eius
805 1134 893 1192 super
905 1116 1039 1174 tumbam
1052 1132 1124 1174 auro

64 1241 108 1280 ιο
125 1223 158 1273 et
182 1233 312 1291 purpura
338 1215 538 1291 compositum
558 1215 760 1291 adposuerunt
780 1212 933 1288 ipsamque
959 1230 1069 1287 aquarn
1093 1209 1124 1269 in

125 1329 192 1385 qua
217 1312 352 1371 lauerunt
379 1329 446 1371 ossa
473 1311 504 1370 in
531 1313 639 1389 angulo
667 1310 784 1371 sacrarii
810 1310 958 1368 fuderunt.
1000 1328 1037 1367 ex
1064 1326 1124 1384 quo

125 1416 264 1481 tempore
277 1408 387 1465 sactum
407 1418 451 1467 est
469 1418 502 1467 ut
519 1407 585 1484 ipsa
603 1418 687 1478 terra,
702 1426 779 1483 quae
791 1408 943 1465 lauacrum
956 1402 1124 1463 uenerabile

126 1501 268 1578 suscepit,
290 1504 329 1563 ad
356 1502 517 1579 abigendos
545 1520 582 1565 ex
609 1504 737 1564 obsessis
763 1502 936 1579 corporibus
963 1502 1124 1562 daemones

125 1596 241 1674 gratiae
255 1598 387 1659 salutaris
401 1601 523 1661 haberet
537 1602 683 1660 effectum.

68 1716 107 1775 15
191 1692 329 1771 Denique
351 1704 484 1771 tempore
506 1706 650 1773 sequente
669 1714 738 1755 curn
759 1696 889 1771 praefata
908 1691 1009 1769 regina
1026 1690 1057 1751 in
1076 1710 1124 1751 eo-

75 1853 78 1859 ,
126 1788 201 1847 dem
214 1790 393 1849 monasterio
412 1803 581 1866 moraretur,
596 1791 679 1852 uenit
691 1793 730 1851 ad
749 1792 934 1851 salutandam
953 1808 1019 1848 eam
1034 1784 1124 1847 abba·

126 1883 201 1943 tissa
222 1885 368 1960 quaedam
395 1887 571 1947 uenerabilis
593 1907 669 1964 quae
689 1906 784 1963 usque
805 1886 896 1947 hodie
917 1897 1050 1963 superest
1073 1906 1124 1946 uo

127 1982 238 2041 cabulo
264 1982 425 2057 Aedilhild,
455 2004 537 2045 soror
563 1984 694 2044 uirorum
721 1995 889 2044 sanctorum
915 1984 1067 2044 Aedilnini
1093 1995 1123 2043 et

126 2076 262 2151 Alduini‚
279 2098 406 2154 quorum
426 2080 505 2156 prior
526 2080 682 2157 episcopus
702 2080 733 2139 in
753 2080 881 2141 Lindissi
901 2081 1061 2156 prouincia,
1081 2100 1123 2141 se⁴

72 2200 114 2239 20
127 2173 245 2233 cundus
265 2184 327 2233 erat
348 2176 440 2235 abbas
460 2175 491 2235 in
511 2177 690 2236 monasterio
709 2178 790 2253 quod
808 2187 932 2235 uocatur
950 2177 1121 2247 Peartaneu‚

126 2288 145 2329 a
166 2289 228 2346 quo
248 2290 310 2329 non
330 2273 419 2347 longe
439 2284 469 2331 et
488 2272 539 2331 illa
559 2272 769 2333 monasterium
788 2273 924 2331 habebat.
966 2285 1034 2330 cum
1052 2288 1122 2347 ergo

126 2364 251 2425 ueniens
264 2365 315 2425 illo
329 2368 499 2443 loqueretur
516 2386 586 2425 cum
604 2367 705 2445 regina
722 2379 811 2443 atque
828 2367 904 2427 inter
916 2366 974 2425 alia
987 2382 1122 2425 sermone

127 2462 167 2521 de
189 2461 323 2521 Osualdo
344 2472 447 2522 exorto
471 2462 582 2523 diceret
605 2465 688 2539 quod
708 2474 738 2522 et
759 2462 823 2539 ipsa
844 2464 941 2521 lucem
962 2471 1050 2521 nocte
1071 2457 1124 2519 illa

127 2573 216 2635 supra
228 2555 366 2633 reliquias
381 2556 442 2617 eius
461 2560 501 2618 ad
517 2560 632 2619 caelum
650 2579 744 2635 usque
760 2561 850 2619 altam
868 2556 998 2629 uidisset,
1013 2555 1122 2615 adiecit

76 2680 94 2719 2
98 2677 114 2735 5
127 2651 228 2729 regina
247 2652 316 2730 quia
331 2654 368 2714 de
382 2656 503 2730 puluere
521 2654 683 2731 pauimenti
697 2654 729 2713 in
743 2673 804 2731 quo
821 2669 900 2730 aqua
917 2651 1026 2712 lauacri
1044 2649 1121 2710 illius

129 2748 221 2807 effusa
235 2758 280 2807 est
293 2748 378 2807 multi
393 2748 454 2807 iam
473 2750 567 2809 sanati
586 2761 685 2810 essent
703 2748 818 2809 infirmi.
860 2759 891 2808 at
904 2748 955 2807 illa
967 2745 1052 2823 petiit
1065 2746 1121 2805 sibi

129 2842 295 2919 portionem
322 2844 450 2919 pulueris
478 2845 617 2907 salutiferi
648 2845 718 2919 dari,
743 2858 774 2907 et
795 2844 943 2923 accipiens
970 2842 1120 2919 inligatam

131 2957 229 3014 panno
247 2939 382 2999 condidit
398 2939 430 2999 in
449 2942 576 3018 capsella
589 2953 620 3003 et
632 2942 728 3004 rediit
770 2953 916 3003 transacto
930 2950 1030 3001 autem
1048 2950 1120 2999 terna

50 3103 54 3112 Ι
132 3050 199 3109 pore
227 3034 379 3111 aliquanto
406 3054 475 3097 cum
503 3048 581 3098 esset
606 3038 638 3097 in
666 3058 721 3099 suo
747 3036 934 3109 monasterio,
955 3033 1038 3094 uenit
1060 3034 1120 3094 illic

80 3155 122 3211 30
134 3129 250 3205 quidam
269 3133 377 3208 hospes
398 3132 449 3209 qui
468 3135 584 3193 solebat
601 3122 754 3195 nocturnis
773 3134 889 3212 saepius
907 3130 986 3192 horis
999 3142 1119 3207 repente

134 3226 169 3285 ab
194 3226 338 3287 inmundo
362 3228 463 3305 spiritu
489 3230 661 3307 grauissime
682 3232 800 3309 uexari;
832 3231 883 3308 qui
904 3248 972 3289 cum
992 3227 1119 3303 benigne

135 3335 283 3401 susceptus
304 3336 372 3402 post
392 3345 515 3387 caenam
537 3328 569 3387 in
589 3331 667 3390 lecto
689 3332 823 3391 membra
843 3326 998 3407 posuisset,
1022 3322 1119 3385 subito

471 3437 492 3469 ²²
508 3441 605 3491 ueniens
616 3442 655 3493 (ΣΙ.
675 3459 717 3492 om
728 3458 773 3492 ms.
