2592 3834
156 208 210 282 158
247 225 483 276 cunaancr’s
496 226 744 276 Bouianum>
767 225 1049 275 umconnuprun.
1087 207 1146 290 [IV

593 425 707 508 [xxx]

156 547 356 671 VOLENS
383 562 482 610 autern
503 550 589 610 latius
611 551 811 610 demonstrare
834 550 935 610 diuina
956 550 1145 626 dispensatio

242 660 353 725 quanta
374 647 519 722 ingloria
539 648 585 706 uir
608 647 721 706 domini
750 648 900 708 Cudberct
927 657 995 722 post
1022 658 1146 706 mortem

155 744 269 804 uiueret
295 742 380 801 cuius
412 752 481 801 ante
514 753 638 802 mortem
673 743 735 801 uita
762 743 893 802 sublimis
922 743 1029 802 crebris
1058 743 1146 802 etiam

156 843 363 902 miraculorum
394 842 514 917 patebat
546 840 671 911 indiciis,
699 841 851 900 transactis
886 841 1051 916 sepulturae
1085 839 1147 899 eius
1181 859 1196 916 5

156 939 241 998 annis
262 939 292 996 xi
313 937 423 996 inmisit
446 937 478 997 in
499 937 599 996 animo
621 938 740 996 fratrum
762 950 794 997 ut
815 940 949 998 tollerent
973 957 1040 996 ossa
1061 936 1145 1010 illius,

157 1053 233 1110 quae
246 1038 327 1092 mure
341 1043 522 1092 mortuorum
536 1044 691 1093 consumto
705 1035 762 1092 iam
776 1045 805 1092 et
820 1034 849 1092 in
863 1035 1013 1110 puluerem
1027 1033 1147 1092 redacto

157 1129 269 1206 reliquo
293 1147 415 1204 corpore
437 1127 514 1186 sicca
534 1127 714 1188 inuenienda
735 1131 884 1206 putabant,
906 1139 995 1204 atque
1015 1127 1045 1210 in
1066 1147 1147 1188 nouo

157 1226 311 1286 recondita
337 1227 436 1284 loculo
458 1226 489 1283 in
511 1226 617 1284 eodem
645 1226 765 1301 quidem
790 1228 858 1287 loco
881 1227 933 1285 sed
958 1244 1045 1301 supra
1068 1224 1147 1302 paui-

158 1333 290 1382 mentum
313 1321 420 1397 dignae
446 1321 643 1382 uenerationis
668 1324 759 1399 gratia
785 1326 923 1384 locarent.
965 1324 1047 1400 quod
1074 1325 1146 1382 dum
1162 1346 1197 1384 10

158 1419 213 1478 sibi
230 1417 373 1495 placuisse
394 1419 561 1477 Eadbercto
578 1418 701 1478 antistiti
722 1439 775 1478 suo
795 1423 941 1492 referrent,
956 1419 1058 1478 adnuit
1079 1439 1148 1479 con·

158 1513 223 1573 silio
244 1532 347 1572 eorum
373 1511 515 1588 iussitque
541 1524 575 1573 ut
598 1514 646 1573 die
674 1515 867 1590 depositionis
891 1515 953 1574 eius
975 1518 1032 1576 hoc
1051 1517 1147 1576 sacere

157 1609 366 1669 meminissent.
409 1611 540 1668 fecerunt
558 1621 656 1669 autern
676 1609 761 1669 itaet
778 1611 941 1686 aperientes
960 1615 1146 1689 sepulchrum

158 1706 333 1765 inuenerunt
354 1724 459 1781 corpus
479 1715 574 1763 totum
594 1705 678 1781 quasi
697 1707 794 1764 adhuc
814 1707 925 1786 uiueret
948 1707 1093 1786 integrum
1117 1721 1147 1770 et

157 1803 303 1862 flexilibus
316 1813 429 1861 artuum
444 1802 635 1879 compagibus
649 1805 743 1862 multo
757 1803 912 1862 dormienti
926 1825 1015 1884 quam
1030 1817 1145 1866 mortuo
1163 1822 1194 1878 15

158 1899 298 1959 similius:
320 1900 372 1959 sed
386 1911 415 1958 et
427 1899 603 1958 uestimenta
616 1899 716 1958 omnia
733 1899 838 1975 quibus
856 1900 992 1960 indutum
1011 1914 1072 1962 erat
1085 1921 1146 1962 non

157 1998 252 2056 solum
267 1995 438 2055 intemerata
450 2016 553 2054 uerum
567 1995 656 2054 etiam
670 1995 764 2072 prisca
777 1996 908 2055 nouitate
928 2008 957 2056 et
975 1997 1146 2058 claritudine

158 2092 290 2152 miranda
316 2082 466 2168 parebant
508 2093 590 2168 quod
616 2091 668 2150 ubi
695 2091 796 2151 uidere
822 2093 932 2166 fratres,
956 2093 1049 2152 nimio
1076 2113 1146 2152 mox

158 2189 262 2248 timore
281 2186 407 2264 perculsi
426 2185 598 2246 festinarunt
617 2190 721 2247 referre
740 2187 861 2246 antistiti
875 2209 950 2264 quae
964 2189 1143 2247 inuenerant.

158 2283 209 2360 qui
232 2294 296 2344 tum
319 2286 394 2343 forte
418 2283 449 2342 in
470 2284 625 2344 remotiore
650 2286 687 2344 ab
712 2285 836 2344 ecclesia
856 2287 923 2346 loco
947 2285 1042 2345 refluis
1064 2287 1146 2345 undi-
1161 2289 1196 2338 20

158 2402 215 2460 que
242 2382 339 2459 pelagi
365 2381 501 2442 fiuctibus
535 2381 632 2441 cincto
667 2381 811 2441 solitarius
839 2385 978 2442 manebat
989 2404 998 2456 ;
1030 2381 1062 2441 in
1088 2383 1146 2442 hoc

158 2477 267 2538 etenim
281 2496 396 2553 semper
409 2476 649 2554 quadragesimae
663 2487 779 2554 tempus
793 2497 886 2553 agere,
901 2477 932 2536 in
950 2479 1008 2537 hoc
1027 2479 1057 2536 xl
1077 2489 1146 2537 ante

157 2575 340 2636 dominicum
357 2575 455 2633 natale
475 2573 538 2633 dies
559 2573 591 2632 in
614 2593 721 2650 magna
739 2573 937 2634 continentiae
959 2573 1099 2634 orationis
1117 2586 1146 2634 et

158 2670 340 2731 lacrimarum
363 2668 522 2729 deuotione
550 2669 707 2745 transigere
733 2670 847 2729 solebat
859 2690 868 2742 ;
900 2669 931 2728 in
966 2689 1026 2745 quo
1058 2669 1167 2728 etiam’

157 2765 333 2826 uenerabilis
352 2765 561 2841 praedecessor
578 2765 640 2825 eius
662 2765 818 2838 Cudberet,
837 2763 1007 2842 priusquam
1020 2763 1146 2824 insulam
1161 2783 1195 2841 ²5

158 2865 254 2922 Farne
277 2870 398 2938 peteret,
420 2859 590 2935 aliquandiu
609 2871 737 2919 secretus
760 2859 881 2919 domino
900 2857 1052 2918 militabat.
1096 2860 1146 2918 ad-

157 2961 286 3020 tulerunt
309 2967 408 3016 autem
432 2954 461 3016 ei
488 2967 517 3016 et
543 2966 656 3032 partem
679 2955 919 3016 indumentorum
943 2973 1020 3030 quae
1040 2973 1146 3030 corpus

156 3066 292 3115 sanctum
318 3053 488 3127 ambierant,
524 3072 600 3129 quae
627 3072 696 3111 cum
723 3052 772 3112 ille
799 3064 829 3112 et
855 3071 976 3111 munera
1002 3065 1147 3128 gratanter

157 3149 303 3226 acciperet
311 3159 341 3208 et
353 3147 493 3207 miracula
505 3147 630 3208 libenter
642 3147 763 3222 audiret,
773 3168 843 3208 nam
857 3159 886 3208 et
900 3147 963 3224 ipsa
973 3146 1147 3208 indumenta

157 3246 240 3325 quasi
261 3244 351 3323 patris
371 3245 470 3304 adhuc
488 3245 603 3322 corpori
626 3245 806 3304 circumdata
826 3243 901 3305 miro
921 3247 1147 3308 deosculabatur
1160 3271 1197 3326 30

317 3363 327 3395 ¹
343 3366 475 3415 XXVIII
485 3382 529 3416 ms
717 3363 738 3400 ¹⁷
753 3367 864 3416 claritate
877 3381 908 3430 pr
917 3381 983 3415 man.

252 3446 437 3496 ”inuenerunt
451 3463 482 3512 pr
496 3463 562 3498 man.
848 3443 870 3478 ²³
886 3462 988 3512 magnae
1002 3462 1048 3497 ms.
