2592 3834
178 239 335 322 (26)=24]
376 257 475 308 xmm
493 257 658 308 aceram
679 258 855 308 RAVAGES
872 257 1067 308 arsamum.
1114 263 1169 319 149

177 391 340 465 Anglorum
359 407 476 464 semper
493 386 709 460 amicissimam,
729 387 769 448 ita
788 399 821 448 ut
841 408 880 449 ne
900 387 1031 450 ecclesiis
1049 387 1170 464 quidem
1236 429 1238 437 ·

176 496 228 544 aut
253 483 436 543 monasteriis
463 503 568 542 manus
595 494 727 559 parceret
756 483 877 544 hostilis.
933 496 963 544 at
990 484 1115 544 insulani
1141 497 1171 545 et

176 592 320 656 quantum
346 582 465 640 ualuere
491 579 579 638 armis
610 598 692 637 arma
725 581 914 656 repellebant,
942 590 972 640 et
999 581 1193 640 inuocantes·

176 675 296 735 diuinae
313 674 454 734 auxilium
473 672 588 750 pietatis
608 673 729 734 caelitus
744 695 775 734 se
791 675 935 737 uindicari
953 676 1100 736 continuis
1118 677 1169 737 diu

147 771 424 848 5inprecationibus
443 771 641 848 postulabant.
684 781 714 831 et
732 771 868 848 quamuis
891 772 1028 832 maledici
1048 791 1169 848 regnum

178 867 226 928 dei
241 866 391 942 possidere
409 884 470 925 non
488 865 610 942 possint,
630 867 773 926 creditum
790 877 834 927 est
852 877 951 926 tamen
965 869 1047 944 quod
1064 868 1104 942 hi,
1119 868 1170 944 qui

174 963 281 1029 merito
294 961 451 1038 impietatis
464 981 535 1021 suae
548 962 806 1035 maledicebantur,
819 962 901 1022 ocius
915 963 1038 1024 domino
1051 963 1169 1025 uindice

177 1077 289 1135 poenas
303 1058 348 1118 sui
360 1068 457 1118 reatus
475 1060 597 1118 luerent.
639 1058 785 1135 siquidem
801 1078 881 1118 anno
898 1070 967 1136 post
984 1061 1064 1119 hunc
1077 1061 1170 1137 proxi-

178 1175 229 1215 mo
252 1156 330 1215 idem
354 1174 413 1227 rex,
435 1174 504 1213 cum
526 1165 637 1215 temere
659 1155 820 1216 exercitum
842 1157 882 1215 ad
908 1158 1083 1216 uastandam
1107 1157 1170 1216 Pic-

131 1274 166 1313 ιο
179 1263 275 1312 torum
297 1252 479 1328 prouinciam
506 1251 644 1324 duxisset,
674 1254 800 1311 multum
822 1251 1045 1328 prohibentibus
1069 1253 1169 1314 amicis

179 1359 209 1409 et
230 1347 357 1408 maxime
377 1350 482 1408 beatae
505 1347 664 1408 memoriae
692 1348 861 1409 Cudbercto
885 1349 936 1424 qui
962 1368 1054 1425 nuper
1077 1351 1169 1410 suerat

179 1442 329 1502 ordinatus
356 1442 518 1518 episcopus,
551 1441 735 1502 introductus
763 1452 807 1502 est
834 1442 1038 1502 simulantibus
1070 1444 1186 1518 lugam

103 1584 107 1592 .
179 1537 313 1597 hostibus
326 1536 357 1595 in
371 1537 517 1613 angustias
530 1537 746 1596 inaccessorum
756 1537 911 1611 montium,
923 1548 1031 1598 etcum
1042 1539 1170 1598 maxima

180 1642 262 1707 parte
275 1631 426 1708 copiarum
438 1651 512 1708 quas
525 1651 626 1692 secum
639 1633 802 1692 adduxerat
818 1631 961 1692 extinctus
974 1652 1053 1692 anno
1066 1633 1168 1693 aetatis

132 1751 165 1810 15
181 1747 250 1787 suae
267 1729 296 1786 xl
314 1728 395 1804 regni
414 1740 514 1787 autem
534 1749 572 1787 xv
591 1728 640 1788 die
661 1728 711 1787 xiii
729 1730 921 1788 kalendarum
940 1728 1098 1788 Iuniarum.
1139 1740 1168 1790 et

180 1823 302 1899 quidem
315 1835 349 1883 ut
363 1823 422 1883 dixi
435 1823 645 1900 prohibuerunt
658 1822 745 1882 amici
758 1843 796 1883 ne
810 1825 867 1883 hoc
881 1824 991 1884 bellum
1007 1823 1092 1884 iniret
1106 1827 1166 1895 sed,

180 1917 321 1992 quoniam
338 1937 417 1978 anno
434 1920 629 1994 praecedente
642 1920 776 1977 noluerat
789 1918 890 1978 audire
903 1919 1168 1978 reuerentissimum

179 2025 292 2088 patrem
313 2017 509 2091 Ecgberctum
530 2034 569 2074 ne
591 2015 732 2076 Scottiam
753 2015 794 2074 nil
818 2035 850 2075 se
876 2017 1042 2076 laedentem
1068 2015 1169 2094 inpug-

180 2119 271 2183 naret,
286 2111 388 2168 datum
402 2121 447 2170 est
459 2111 501 2170 illi
516 2130 552 2170 ex
564 2130 662 2187 poena
679 2111 793 2188 peccati
809 2111 894 2185 illius,
907 2131 946 2172 ne
960 2130 1040 2171 nunc
1053 2131 1104 2172 eos
1118 2112 1169 2188 qui
1230 2115 1232 2122 ’

131 2231 168 2269 20
180 2204 277 2281 ipsum
290 2205 327 2264 ab
341 2205 458 2266 interitu
471 2226 609 2266 reuocare
622 2206 779 2282 cupiebant
792 2207 914 2268 audiret.

241 2303 287 2359 Ex
307 2295 367 2376 quo
387 2311 518 2378 tempore
538 2321 605 2378 spes
623 2301 722 2379 coepit
743 2313 773 2362 et
794 2303 885 2364 uirtus
906 2303 987 2380 regni
1008 2304 1169 2382 Anglorum

180 2396 269 2456 fluere
282 2415 318 2454 ac
331 2405 407 2455 retro
423 2398 560 2474 sublapsa
577 2397 681 2457 referri.
723 2418 794 2458 nam
808 2410 839 2458 et
853 2399 927 2460 Picti
940 2410 1044 2461 terram
1058 2421 1170 2481 posses-

181 2491 271 2551 sionis
292 2511 371 2564 suae,
399 2512 488 2568 quam
510 2504 666 2554 tenuerunt
686 2495 775 2572 Angli
799 2507 829 2556 et
850 2497 942 2557 Scotti
963 2497 1015 2574 qui
1036 2510 1117 2558 erant
1138 2499 1169 2558 in

181 2585 330 2659 Brittania,
355 2589 527 2647 Brettonum
549 2607 667 2665 quoque
688 2608 754 2664 pars
776 2593 919 2651 nonnulla
940 2592 1105 2653 libertatem
1128 2613 1170 2654 re·

131 2708 146 2744 2
150 2704 166 2763 5
181 2691 323 2756 ceperunt
340 2700 428 2757 quam
447 2692 477 2741 et
494 2684 636 2742 hacteuus
654 2685 764 2744 habent
781 2704 834 2762 per
853 2703 948 2746 annos
968 2687 1081 2748 circiter
1099 2689 1166 2747 xlui.
1189 2675 1197 2695 ⁸

180 2777 232 2836 ubi
253 2777 329 2836 inter
348 2777 489 2853 plurimos
510 2779 605 2855 gentis
626 2781 788 2855 Anglorum
810 2782 859 2841 uel
881 2781 1050 2844 interemtos
1070 2784 1168 2860 gladio

179 2875 228 2934 uel
241 2873 359 2934 semitio
371 2875 506 2936 addictos
519 2878 568 2936 uel
581 2878 620 2936 de
634 2887 708 2936 terra
722 2877 869 2938 Pictorum
883 2881 951 2956 fuga
967 2871 1065 2957 lipsos
1080 2880 1168 2941 etiam

179 2969 429 3031 reuerentissimus
446 2971 492 3031 uir
507 2971 622 3032 domini
639 2973 813 3046 Triumuini,
833 2975 884 3052 qui
902 2975 932 3035 in
951 2995 1002 3036 eos
1021 2976 1169 3053 episcopa·

179 3077 242 3125 turn
266 3078 428 3144 acceperat,
451 3068 570 3130 recessit
589 3088 658 3128 cum
680 3069 740 3129 suis
763 3071 814 3147 qui
838 3083 919 3132 erant
941 3071 972 3131 in
993 3072 1169 3154 monasterio
1245 3119 1253 3124 -

130 3190 167 3246 30
177 3162 400 3241 Aebbercnmig
422 3164 519 3240 posito
540 3164 661 3241 quidem
682 3164 714 3223 in
736 3165 855 3241 regione
876 3169 1038 3243 Anglornm
1061 3151 1169 3254 sedin

180 3258 289 3318 uicinia
300 3259 366 3319 freti
379 3260 460 3336 quod
473 3260 636 3336 Anglorum
650 3271 739 3319 terras
754 3260 962 3338 Pictorumque
976 3261 1166 3330 disterminat,

180 3373 290 3431 eosque
310 3355 490 3433 ubicumque
505 3367 619 3435 poterat
637 3356 739 3416 amicis
757 3376 810 3434 per
827 3357 1002 3420 monasteria
1020 3378 1168 3420 commen·

250 3466 262 3500 ὅ
278 3469 381 3533 malesica'
393 3483 424 3533 pr
434 3483 500 3518 man.
575 3466 597 3500 ¹³
612 3469 753 3533 angustiam
769 3485 800 3535 pr
809 3486 876 3521 man.
951 3468 973 3504 ¹⁸
988 3471 1035 3520 led·
1051 3486 1097 3522 ms.
