<?xml version="1.0" encoding="UTF-8"?>
<!DOCTYPE html PUBLIC "-//W3C//DTD XHTML 1.0 Transitional//EN"
    "http://www.w3.org/TR/xhtml1/DTD/xhtml1-transitional.dtd">
<html xmlns="http://www.w3.org/1999/xhtml" xml:lang="en" lang="en">
 <head>
  <title>
</title>
<meta http-equiv="Content-Type" content="text/html;charset=utf-8" />
  <meta name='ocr-system' content='tesseract 3.04.00' />
  <meta name='ocr-capabilities' content='ocr_page ocr_carea ocr_par ocr_line ocrx_word'/>
</head>
<body>
  <div class='ocr_page' id='page_1' title='image "./historiaeeccles00lumbgoog_0102.png"; bbox 0 0 2592 3834; ppageno 0'>
   <div class='ocr_carea' id='block_1_1' title="bbox 199 216 1188 299">
    <p class='ocr_par' dir='ltr' id='par_1_1' title="bbox 199 216 1188 299">
     <span class='ocr_line' id='line_1_1' title="bbox 199 216 1188 299; baseline -0.014 -8"><span class='ocrx_word' id='word_1_1' title='bbox 199 225 236 299; x_wconf 82' lang='lat'>78</span> <span class='ocrx_word' id='word_1_2' title='bbox 447 234 578 288; x_wconf 70' lang='lat' dir='ltr'>Momxs</span> <span class='ocrx_word' id='word_1_3' title='bbox 601 235 648 287; x_wconf 71' lang='lat' dir='ltr'>on</span> <span class='ocrx_word' id='word_1_4' title='bbox 661 233 927 285; x_wconf 75' lang='lat' dir='ltr'>mnmrsmnnra.</span> <span class='ocrx_word' id='word_1_5' title='bbox 1121 216 1188 299; x_wconf 90' lang='lat'>[111</span> 
     </span>
    </p>
   </div>
   <div class='ocr_carea' id='block_1_2' title="bbox 180 363 1277 3211">
    <p class='ocr_par' dir='ltr' id='par_1_2' title="bbox 195 363 1188 454">
     <span class='ocr_line' id='line_1_2' title="bbox 195 363 1188 454; baseline -0.004 -27"><span class='ocrx_word' id='word_1_6' title='bbox 195 367 347 428; x_wconf 85' lang='lat' dir='ltr'>cuniamm</span> <span class='ocrx_word' id='word_1_7' title='bbox 360 370 472 445; x_wconf 87' lang='lat' dir='ltr'>absque</span> <span class='ocrx_word' id='word_1_8' title='bbox 486 368 641 454; x_wconf 84' lang='lat' dir='ltr'>pecoribus</span> <span class='ocrx_word' id='word_1_9' title='bbox 655 368 812 439; x_wconf 73' lang='lat' dir='ltr'>habebant,</span> <span class='ocrx_word' id='word_1_10' title='bbox 827 365 938 443; x_wconf 90' lang='lat' dir='ltr'>siquid</span> <span class='ocrx_word' id='word_1_11' title='bbox 952 363 1030 425; x_wconf 88' lang='lat' dir='ltr'>enirn</span> <span class='ocrx_word' id='word_1_12' title='bbox 1044 363 1188 440; x_wconf 88' lang='lat' dir='ltr'>pecuniae</span> 
     </span>
    </p>

    <p class='ocr_par' dir='ltr' id='par_1_3' title="bbox 195 463 1190 541">
     <span class='ocr_line' id='line_1_3' title="bbox 195 463 1190 541; baseline -0.008 -16"><span class='ocrx_word' id='word_1_13' title='bbox 195 484 214 525; x_wconf 86' lang='lat' dir='ltr'>a</span> <span class='ocrx_word' id='word_1_14' title='bbox 232 464 370 525; x_wconf 90' lang='lat' dir='ltr'>diuitibus</span> <span class='ocrx_word' id='word_1_15' title='bbox 389 464 580 541; x_wconf 88' lang='lat' dir='ltr'>accipiebant,</span> <span class='ocrx_word' id='word_1_16' title='bbox 600 484 671 523; x_wconf 85' lang='lat' dir='ltr'>mox</span> <span class='ocrx_word' id='word_1_17' title='bbox 690 463 868 541; x_wconf 82' lang='lat' dir='ltr'>pauperibus</span> <span class='ocrx_word' id='word_1_18' title='bbox 888 463 1008 522; x_wconf 84' lang='lat' dir='ltr'>dabant.</span> <span class='ocrx_word' id='word_1_19' title='bbox 1050 479 1118 518; x_wconf 83' lang='lat' dir='ltr'>nam</span> <span class='ocrx_word' id='word_1_20' title='bbox 1137 478 1190 518; x_wconf 58' lang='lat' dir='ltr'>ne⁴</span> 
     </span>
    </p>

    <p class='ocr_par' dir='ltr' id='par_1_4' title="bbox 195 554 1189 636">
     <span class='ocr_line' id='line_1_4' title="bbox 195 554 1189 636; baseline -0.007 -17"><span class='ocrx_word' id='word_1_21' title='bbox 195 578 253 635; x_wconf 93' lang='lat' dir='ltr'>que</span> <span class='ocrx_word' id='word_1_22' title='bbox 267 560 306 619; x_wconf 89' lang='lat' dir='ltr'>ad</span> <span class='ocrx_word' id='word_1_23' title='bbox 319 558 537 635; x_wconf 85' lang='lat' dir='ltr'>susceptionem</span> <span class='ocrx_word' id='word_1_24' title='bbox 555 558 721 636; x_wconf 89' lang='lat' dir='ltr'>potentium</span> <span class='ocrx_word' id='word_1_25' title='bbox 739 557 848 618; x_wconf 89' lang='lat' dir='ltr'>saeculi</span> <span class='ocrx_word' id='word_1_26' title='bbox 867 558 916 617; x_wconf 91' lang='lat' dir='ltr'>uel</span> <span class='ocrx_word' id='word_1_27' title='bbox 933 554 1073 632; x_wconf 84' lang='lat' dir='ltr'>pecunias</span> <span class='ocrx_word' id='word_1_28' title='bbox 1090 554 1189 631; x_wconf 81' lang='lat' dir='ltr'>colligi</span> 
     </span>
    </p>

    <p class='ocr_par' dir='ltr' id='par_1_5' title="bbox 195 654 1235 925">
     <span class='ocr_line' id='line_1_5' title="bbox 195 654 1189 733; baseline -0.004 -18"><span class='ocrx_word' id='word_1_29' title='bbox 195 656 243 726; x_wconf 84' lang='lat' dir='ltr'>uel</span> <span class='ocrx_word' id='word_1_30' title='bbox 264 656 372 715; x_wconf 89' lang='lat' dir='ltr'>domus</span> <span class='ocrx_word' id='word_1_31' title='bbox 394 656 558 733; x_wconf 88' lang='lat' dir='ltr'>praeuideri</span> <span class='ocrx_word' id='word_1_32' title='bbox 579 675 701 716; x_wconf 88' lang='lat' dir='ltr'>necesse</span> <span class='ocrx_word' id='word_1_33' title='bbox 727 656 789 729; x_wconf 86' lang='lat' dir='ltr'>fuit,</span> <span class='ocrx_word' id='word_1_34' title='bbox 813 655 864 732; x_wconf 93' lang='lat' dir='ltr'>qui</span> <span class='ocrx_word' id='word_1_35' title='bbox 891 673 1053 730; x_wconf 86' lang='lat' dir='ltr'>numquam</span> <span class='ocrx_word' id='word_1_36' title='bbox 1079 654 1119 712; x_wconf 89' lang='lat' dir='ltr'>ad</span> <span class='ocrx_word' id='word_1_37' title='bbox 1143 671 1189 711; x_wconf 93' lang='lat' dir='ltr'>ec-</span> 
     </span>
     <span class='ocr_line' id='line_1_6' title="bbox 196 749 1235 827; baseline -0.001 -18"><span class='ocrx_word' id='word_1_38' title='bbox 196 750 315 810; x_wconf 89' lang='lat' dir='ltr'>clesiam</span> <span class='ocrx_word' id='word_1_39' title='bbox 337 749 392 810; x_wconf 91' lang='lat' dir='ltr'>nisi</span> <span class='ocrx_word' id='word_1_40' title='bbox 416 751 554 811; x_wconf 88' lang='lat' dir='ltr'>orationis</span> <span class='ocrx_word' id='word_1_41' title='bbox 578 763 693 811; x_wconf 88' lang='lat' dir='ltr'>tantum</span> <span class='ocrx_word' id='word_1_42' title='bbox 714 762 744 813; x_wconf 90' lang='lat' dir='ltr'>et</span> <span class='ocrx_word' id='word_1_43' title='bbox 765 752 906 812; x_wconf 88' lang='lat' dir='ltr'>audiendi</span> <span class='ocrx_word' id='word_1_44' title='bbox 927 750 1009 810; x_wconf 90' lang='lat' dir='ltr'>uerbi</span> <span class='ocrx_word' id='word_1_45' title='bbox 1031 751 1080 810; x_wconf 91' lang='lat' dir='ltr'>dei</span> <span class='ocrx_word' id='word_1_46' title='bbox 1100 770 1190 809; x_wconf 87' lang='lat' dir='ltr'>causa</span> <span class='ocrx_word' id='word_1_47' title='bbox 1220 768 1235 827; x_wconf 83' lang='lat'>5</span> 
     </span>
     <span class='ocr_line' id='line_1_7' title="bbox 195 847 1191 925; baseline -0.003 -17"><span class='ocrx_word' id='word_1_48' title='bbox 195 847 361 909; x_wconf 85' lang='lat' dir='ltr'>ueniebant</span> <span class='ocrx_word' id='word_1_49' title='bbox 404 868 454 908; x_wconf 90' lang='lat' dir='ltr'>rex</span> <span class='ocrx_word' id='word_1_50' title='bbox 468 848 538 925; x_wconf 91' lang='lat' dir='ltr'>ipse,</span> <span class='ocrx_word' id='word_1_51' title='bbox 554 869 623 907; x_wconf 91' lang='lat' dir='ltr'>cum</span> <span class='ocrx_word' id='word_1_52' title='bbox 641 848 825 925; x_wconf 83' lang='lat' dir='ltr'>oportunitas</span> <span class='ocrx_word' id='word_1_53' title='bbox 843 847 993 925; x_wconf 86' lang='lat' dir='ltr'>exegisset,</span> <span class='ocrx_word' id='word_1_54' title='bbox 1011 866 1080 905; x_wconf 91' lang='lat' dir='ltr'>cum</span> <span class='ocrx_word' id='word_1_55' title='bbox 1093 866 1114 905; x_wconf 91' lang='lat' dir='ltr'>u</span> <span class='ocrx_word' id='word_1_56' title='bbox 1128 857 1191 906; x_wconf 86' lang='lat' dir='ltr'>tan·</span> 
     </span>
    </p>

    <p class='ocr_par' dir='ltr' id='par_1_6' title="bbox 196 941 1237 1404">
     <span class='ocr_line' id='line_1_8' title="bbox 196 941 1190 1023; baseline -0.004 -19"><span class='ocrx_word' id='word_1_57' title='bbox 196 957 259 1004; x_wconf 90' lang='lat' dir='ltr'>tum</span> <span class='ocrx_word' id='word_1_58' title='bbox 272 956 323 1005; x_wconf 91' lang='lat' dir='ltr'>aut</span> <span class='ocrx_word' id='word_1_59' title='bbox 336 946 366 1005; x_wconf 93' lang='lat' dir='ltr'>ui</span> <span class='ocrx_word' id='word_1_60' title='bbox 380 945 517 1005; x_wconf 89' lang='lat' dir='ltr'>ministris</span> <span class='ocrx_word' id='word_1_61' title='bbox 533 946 671 1006; x_wconf 89' lang='lat' dir='ltr'>ueniebat</span> <span class='ocrx_word' id='word_1_62' title='bbox 685 958 714 1006; x_wconf 92' lang='lat' dir='ltr'>et</span> <span class='ocrx_word' id='word_1_63' title='bbox 732 948 848 1023; x_wconf 89' lang='lat' dir='ltr'>expleta</span> <span class='ocrx_word' id='word_1_64' title='bbox 865 945 896 1003; x_wconf 89' lang='lat' dir='ltr'>in</span> <span class='ocrx_word' id='word_1_65' title='bbox 915 942 1039 1003; x_wconf 86' lang='lat' dir='ltr'>ecclesia</span> <span class='ocrx_word' id='word_1_66' title='bbox 1057 941 1190 1001; x_wconf 88' lang='lat' dir='ltr'>oratione</span> 
     </span>
     <span class='ocr_line' id='line_1_9' title="bbox 196 1034 1208 1117; baseline -0.006 -18"><span class='ocrx_word' id='word_1_67' title='bbox 196 1040 383 1101; x_wconf 89' lang='lat' dir='ltr'>discedebat:</span> <span class='ocrx_word' id='word_1_68' title='bbox 404 1042 486 1117; x_wconf 91' lang='lat' dir='ltr'>quod</span> <span class='ocrx_word' id='word_1_69' title='bbox 500 1040 524 1100; x_wconf 93' lang='lat' dir='ltr'>si</span> <span class='ocrx_word' id='word_1_70' title='bbox 538 1043 611 1100; x_wconf 87' lang='lat' dir='ltr'>sorte</span> <span class='ocrx_word' id='word_1_71' title='bbox 631 1061 682 1101; x_wconf 89' lang='lat' dir='ltr'>eos</span> <span class='ocrx_word' id='word_1_72' title='bbox 701 1041 741 1100; x_wconf 90' lang='lat' dir='ltr'>ibi</span> <span class='ocrx_word' id='word_1_73' title='bbox 759 1040 838 1100; x_wconf 86' lang='lat' dir='ltr'>refici</span> <span class='ocrx_word' id='word_1_74' title='bbox 857 1039 1044 1115; x_wconf 77' lang='lat' dir='ltr'>contingeret,</span> <span class='ocrx_word' id='word_1_75' title='bbox 1063 1034 1208 1113; x_wconf 90' lang='lat' dir='ltr'>simplici-</span> 
     </span>
     <span class='ocr_line' id='line_1_10' title="bbox 196 1135 1192 1210; baseline -0.002 -16"><span class='ocrx_word' id='word_1_76' title='bbox 196 1147 310 1195; x_wconf 89' lang='lat' dir='ltr'>tantum</span> <span class='ocrx_word' id='word_1_77' title='bbox 330 1148 360 1197; x_wconf 90' lang='lat' dir='ltr'>et</span> <span class='ocrx_word' id='word_1_78' title='bbox 377 1136 527 1196; x_wconf 89' lang='lat' dir='ltr'>cotidiano</span> <span class='ocrx_word' id='word_1_79' title='bbox 545 1139 666 1197; x_wconf 81' lang='lat' dir='ltr'>tratmm</span> <span class='ocrx_word' id='word_1_80' title='bbox 686 1137 753 1197; x_wconf 89' lang='lat' dir='ltr'>cibo</span> <span class='ocrx_word' id='word_1_81' title='bbox 772 1136 903 1196; x_wconf 90' lang='lat' dir='ltr'>contenti</span> <span class='ocrx_word' id='word_1_82' title='bbox 921 1135 962 1193; x_wconf 90' lang='lat' dir='ltr'>nil</span> <span class='ocrx_word' id='word_1_83' title='bbox 982 1137 1057 1193; x_wconf 88' lang='lat' dir='ltr'>ultra</span> <span class='ocrx_word' id='word_1_84' title='bbox 1070 1152 1192 1210; x_wconf 85' lang='lat' dir='ltr'>quaere·</span> 
     </span>
     <span class='ocr_line' id='line_1_11' title="bbox 196 1231 1237 1295; baseline -0.004 -4"><span class='ocrx_word' id='word_1_85' title='bbox 196 1234 275 1292; x_wconf 89' lang='lat' dir='ltr'>bant.</span> <span class='ocrx_word' id='word_1_86' title='bbox 317 1244 380 1293; x_wconf 81' lang='lat' dir='ltr'>tota</span> <span class='ocrx_word' id='word_1_87' title='bbox 401 1234 480 1293; x_wconf 90' lang='lat' dir='ltr'>enirn</span> <span class='ocrx_word' id='word_1_88' title='bbox 502 1233 557 1293; x_wconf 87' lang='lat' dir='ltr'>fuit</span> <span class='ocrx_word' id='word_1_89' title='bbox 577 1234 837 1295; x_wconf 78' lang='lat' dir='ltr'>tunc&#39;sollieitudo</span> <span class='ocrx_word' id='word_1_90' title='bbox 860 1232 1030 1293; x_wconf 91' lang='lat' dir='ltr'>doctoribus</span> <span class='ocrx_word' id='word_1_91' title='bbox 1051 1231 1109 1291; x_wconf 91' lang='lat' dir='ltr'>illis</span> <span class='ocrx_word' id='word_1_92' title='bbox 1132 1234 1191 1293; x_wconf 87' lang='lat' dir='ltr'>deo</span> <span class='ocrx_word' id='word_1_93' title='bbox 1206 1250 1237 1289; x_wconf 89' lang='lat'>10</span> 
     </span>
     <span class='ocr_line' id='line_1_12' title="bbox 196 1328 1193 1404; baseline 0.002 -17"><span class='ocrx_word' id='word_1_94' title='bbox 196 1328 342 1389; x_wconf 88' lang='lat' dir='ltr'>seruiendi</span> <span class='ocrx_word' id='word_1_95' title='bbox 357 1328 417 1389; x_wconf 81' lang='lat' dir='ltr'>non</span> <span class='ocrx_word' id='word_1_96' title='bbox 436 1332 562 1404; x_wconf 86' lang='lat' dir='ltr'>saecu10,</span> <span class='ocrx_word' id='word_1_97' title='bbox 582 1342 644 1391; x_wconf 90' lang='lat' dir='ltr'>tota</span> <span class='ocrx_word' id='word_1_98' title='bbox 664 1351 733 1391; x_wconf 90' lang='lat' dir='ltr'>cura</span> <span class='ocrx_word' id='word_1_99' title='bbox 751 1331 848 1392; x_wconf 90' lang='lat' dir='ltr'>cordis</span> <span class='ocrx_word' id='word_1_100' title='bbox 866 1330 1020 1391; x_wconf 89' lang='lat' dir='ltr'>excolendi</span> <span class='ocrx_word' id='word_1_101' title='bbox 1039 1349 1099 1389; x_wconf 90' lang='lat' dir='ltr'>non</span> <span class='ocrx_word' id='word_1_102' title='bbox 1121 1349 1193 1389; x_wconf 91' lang='lat' dir='ltr'>uen-</span> 
     </span>
    </p>

    <p class='ocr_par' dir='ltr' id='par_1_7' title="bbox 180 1423 1277 3211">
     <span class='ocr_line' id='line_1_13' title="bbox 196 1423 1192 1503; baseline 0 -20"><span class='ocrx_word' id='word_1_103' title='bbox 196 1423 254 1483; x_wconf 92' lang='lat' dir='ltr'>tris.</span> <span class='ocrx_word' id='word_1_104' title='bbox 296 1426 376 1499; x_wconf 87' lang='lat' dir='ltr'>unde</span> <span class='ocrx_word' id='word_1_105' title='bbox 396 1425 474 1485; x_wconf 91' lang='lat' dir='ltr'>etin</span> <span class='ocrx_word' id='word_1_106' title='bbox 492 1446 598 1503; x_wconf 87' lang='lat' dir='ltr'>magna</span> <span class='ocrx_word' id='word_1_107' title='bbox 616 1438 679 1487; x_wconf 88' lang='lat' dir='ltr'>erat</span> <span class='ocrx_word' id='word_1_108' title='bbox 694 1427 883 1487; x_wconf 87' lang='lat' dir='ltr'>ueneratione</span> <span class='ocrx_word' id='word_1_109' title='bbox 903 1437 1035 1501; x_wconf 87' lang='lat' dir='ltr'>tempore</span> <span class='ocrx_word' id='word_1_110' title='bbox 1056 1425 1107 1482; x_wconf 92' lang='lat' dir='ltr'>illo</span> <span class='ocrx_word' id='word_1_111' title='bbox 1128 1424 1192 1484; x_wconf 90' lang='lat' dir='ltr'>reli-</span> 
     </span>
     <span class='ocr_line' id='line_1_14' title="bbox 196 1519 1193 1599; baseline 0.001 -20"><span class='ocrx_word' id='word_1_112' title='bbox 196 1519 290 1597; x_wconf 88' lang='lat' dir='ltr'>gionis</span> <span class='ocrx_word' id='word_1_113' title='bbox 303 1521 429 1595; x_wconf 86' lang='lat' dir='ltr'>habitus,</span> <span class='ocrx_word' id='word_1_114' title='bbox 448 1522 546 1595; x_wconf 84' lang='lat' dir='ltr'>itaut,</span> <span class='ocrx_word' id='word_1_115' title='bbox 566 1522 746 1599; x_wconf 89' lang='lat' dir='ltr'>ubicumque</span> <span class='ocrx_word' id='word_1_116' title='bbox 765 1522 888 1582; x_wconf 90' lang='lat' dir='ltr'>clericus</span> <span class='ocrx_word' id='word_1_117' title='bbox 908 1520 999 1597; x_wconf 86' lang='lat' dir='ltr'>aliqui</span> <span class='ocrx_word' id='word_1_118' title='bbox 1016 1531 1067 1580; x_wconf 91' lang='lat' dir='ltr'>aut</span> <span class='ocrx_word' id='word_1_119' title='bbox 1089 1540 1193 1580; x_wconf 90' lang='lat' dir='ltr'>mona-</span> 
     </span>
     <span class='ocr_line' id='line_1_15' title="bbox 197 1614 1192 1693; baseline 0 -20"><span class='ocrx_word' id='word_1_120' title='bbox 197 1617 269 1675; x_wconf 93' lang='lat' dir='ltr'>chus</span> <span class='ocrx_word' id='word_1_121' title='bbox 282 1616 442 1689; x_wconf 88' lang='lat' dir='ltr'>adueniret,</span> <span class='ocrx_word' id='word_1_122' title='bbox 457 1618 619 1692; x_wconf 84' lang='lat' dir='ltr'>gaudenter</span> <span class='ocrx_word' id='word_1_123' title='bbox 632 1620 670 1677; x_wconf 88' lang='lat' dir='ltr'>ab</span> <span class='ocrx_word' id='word_1_124' title='bbox 685 1617 822 1677; x_wconf 90' lang='lat' dir='ltr'>omnibus</span> <span class='ocrx_word' id='word_1_125' title='bbox 836 1628 986 1693; x_wconf 89' lang='lat' dir='ltr'>tamquam</span> <span class='ocrx_word' id='word_1_126' title='bbox 1000 1614 1050 1675; x_wconf 91' lang='lat' dir='ltr'>dei</span> <span class='ocrx_word' id='word_1_127' title='bbox 1062 1617 1192 1674; x_wconf 85' lang='lat' dir='ltr'>famulus</span> 
     </span>
     <span class='ocr_line' id='line_1_16' title="bbox 197 1710 1237 1789; baseline -0.002 -18"><span class='ocrx_word' id='word_1_128' title='bbox 197 1710 393 1788; x_wconf 86' lang='lat' dir='ltr'>exciperetur:</span> <span class='ocrx_word' id='word_1_129' title='bbox 414 1712 503 1771; x_wconf 88' lang='lat' dir='ltr'>etiam</span> <span class='ocrx_word' id='word_1_130' title='bbox 518 1712 543 1772; x_wconf 92' lang='lat' dir='ltr'>si</span> <span class='ocrx_word' id='word_1_131' title='bbox 556 1714 586 1771; x_wconf 91' lang='lat' dir='ltr'>in</span> <span class='ocrx_word' id='word_1_132' title='bbox 601 1713 704 1773; x_wconf 90' lang='lat' dir='ltr'>itinere</span> <span class='ocrx_word' id='word_1_133' title='bbox 718 1732 841 1789; x_wconf 89' lang='lat' dir='ltr'>pergens</span> <span class='ocrx_word' id='word_1_134' title='bbox 854 1711 1041 1784; x_wconf 88' lang='lat' dir='ltr'>inueniretur,</span> <span class='ocrx_word' id='word_1_135' title='bbox 1055 1711 1193 1771; x_wconf 87' lang='lat' dir='ltr'>adcurre-</span> <span class='ocrx_word' id='word_1_136' title='bbox 1207 1729 1237 1786; x_wconf 85' lang='lat'>15</span> 
     </span>
     <span class='ocr_line' id='line_1_17' title="bbox 196 1807 1193 1893; baseline 0.002 -26"><span class='ocrx_word' id='word_1_137' title='bbox 196 1810 269 1868; x_wconf 87' lang='lat' dir='ltr'>bant</span> <span class='ocrx_word' id='word_1_138' title='bbox 292 1818 322 1869; x_wconf 92' lang='lat' dir='ltr'>et</span> <span class='ocrx_word' id='word_1_139' title='bbox 342 1810 418 1868; x_wconf 86' lang='lat' dir='ltr'>flexa</span> <span class='ocrx_word' id='word_1_140' title='bbox 440 1810 554 1871; x_wconf 89' lang='lat' dir='ltr'>ceruice</span> <span class='ocrx_word' id='word_1_141' title='bbox 579 1813 629 1893; x_wconf 88' lang='lat' dir='ltr'>uel</span> <span class='ocrx_word' id='word_1_142' title='bbox 652 1830 741 1869; x_wconf 88' lang='lat' dir='ltr'>manu</span> <span class='ocrx_word' id='word_1_143' title='bbox 764 1808 871 1887; x_wconf 90' lang='lat' dir='ltr'>signari</span> <span class='ocrx_word' id='word_1_144' title='bbox 897 1811 946 1868; x_wconf 91' lang='lat' dir='ltr'>uel</span> <span class='ocrx_word' id='word_1_145' title='bbox 973 1826 1024 1868; x_wconf 91' lang='lat' dir='ltr'>ore</span> <span class='ocrx_word' id='word_1_146' title='bbox 1051 1807 1131 1867; x_wconf 92' lang='lat' dir='ltr'>illius</span> <span class='ocrx_word' id='word_1_147' title='bbox 1160 1828 1193 1869; x_wconf 90' lang='lat' dir='ltr'>se</span> 
     </span>
     <span class='ocr_line' id='line_1_18' title="bbox 196 1904 1277 1994; baseline -0.001 -30"><span class='ocrx_word' id='word_1_148' title='bbox 196 1904 333 1965; x_wconf 89' lang='lat' dir='ltr'>benedici</span> <span class='ocrx_word' id='word_1_149' title='bbox 360 1906 547 1988; x_wconf 83' lang='lat' dir='ltr'>gaudebant3</span> <span class='ocrx_word' id='word_1_150' title='bbox 581 1907 678 1966; x_wconf 90' lang='lat' dir='ltr'>uerbis</span> <span class='ocrx_word' id='word_1_151' title='bbox 706 1926 825 1983; x_wconf 90' lang='lat' dir='ltr'>quoque</span> <span class='ocrx_word' id='word_1_152' title='bbox 852 1907 958 1965; x_wconf 89' lang='lat' dir='ltr'>horum</span> <span class='ocrx_word' id='word_1_153' title='bbox 985 1904 1193 1964; x_wconf 85' lang='lat' dir='ltr'>exhortatoriis</span> <span class='ocrx_word' id='word_1_154' title='bbox 1275 1923 1277 1994; x_wconf 58' lang='grc' dir='ltr'>ξ</span> 
     </span>
     <span class='ocr_line' id='line_1_19' title="bbox 196 1997 1277 2079; baseline -0.001 -19"><span class='ocrx_word' id='word_1_155' title='bbox 196 2000 350 2077; x_wconf 87' lang='lat' dir='ltr'>diligenter</span> <span class='ocrx_word' id='word_1_156' title='bbox 376 2002 510 2061; x_wconf 91' lang='lat' dir='ltr'>auditum</span> <span class='ocrx_word' id='word_1_157' title='bbox 537 2005 725 2079; x_wconf 77' lang='lat' dir='ltr'>praebebant.</span> <span class='ocrx_word' id='word_1_158' title='bbox 768 2003 873 2063; x_wconf 91' lang='lat' dir='ltr'>sedet</span> <span class='ocrx_word' id='word_1_159' title='bbox 900 2000 1005 2062; x_wconf 89' lang='lat' dir='ltr'>diebus</span> <span class='ocrx_word' id='word_1_160' title='bbox 1032 1999 1193 2061; x_wconf 89' lang='lat' dir='ltr'>dominicis</span> <span class='ocrx_word' id='word_1_161' title='bbox 1275 1997 1277 2072; x_wconf 57' lang='grc' dir='ltr'>ξ</span> 
     </span>
     <span class='ocr_line' id='line_1_20' title="bbox 196 2091 1277 2158; baseline -0.001 -3"><span class='ocrx_word' id='word_1_162' title='bbox 196 2097 235 2155; x_wconf 86' lang='lat' dir='ltr'>ad</span> <span class='ocrx_word' id='word_1_163' title='bbox 258 2095 411 2156; x_wconf 89' lang='lat' dir='ltr'>ecclesiam</span> <span class='ocrx_word' id='word_1_164' title='bbox 436 2097 498 2157; x_wconf 89' lang='lat' dir='ltr'>siue</span> <span class='ocrx_word' id='word_1_165' title='bbox 521 2099 560 2157; x_wconf 89' lang='lat' dir='ltr'>ad</span> <span class='ocrx_word' id='word_1_166' title='bbox 587 2098 764 2158; x_wconf 89' lang='lat' dir='ltr'>monasteria</span> <span class='ocrx_word' id='word_1_167' title='bbox 790 2098 923 2157; x_wconf 89' lang='lat' dir='ltr'>certatim</span> <span class='ocrx_word' id='word_1_168' title='bbox 950 2116 1011 2156; x_wconf 90' lang='lat' dir='ltr'>non</span> <span class='ocrx_word' id='word_1_169' title='bbox 1037 2096 1193 2155; x_wconf 88' lang='lat' dir='ltr'>reficiendi</span> <span class='ocrx_word' id='word_1_170' title='bbox 1275 2091 1277 2154; x_wconf 74' lang='grc' dir='ltr'>ἰ</span> 
     </span>
     <span class='ocr_line' id='line_1_21' title="bbox 197 2192 1241 2269; baseline 0 -18"><span class='ocrx_word' id='word_1_171' title='bbox 197 2192 326 2269; x_wconf 90' lang='lat' dir='ltr'>corporis</span> <span class='ocrx_word' id='word_1_172' title='bbox 348 2195 400 2253; x_wconf 91' lang='lat' dir='ltr'>sed</span> <span class='ocrx_word' id='word_1_173' title='bbox 422 2192 562 2252; x_wconf 88' lang='lat' dir='ltr'>audiendi</span> <span class='ocrx_word' id='word_1_174' title='bbox 581 2193 724 2253; x_wconf 90' lang='lat' dir='ltr'>sermonis</span> <span class='ocrx_word' id='word_1_175' title='bbox 742 2192 791 2253; x_wconf 90' lang='lat' dir='ltr'>dei</span> <span class='ocrx_word' id='word_1_176' title='bbox 810 2192 903 2269; x_wconf 87' lang='lat' dir='ltr'>gratia</span> <span class='ocrx_word' id='word_1_177' title='bbox 923 2192 1134 2251; x_wconf 86' lang='lat' dir='ltr'>confluebant:</span> <span class='ocrx_word' id='word_1_178' title='bbox 1164 2203 1194 2251; x_wconf 92' lang='lat' dir='ltr'>et</span> <span class='ocrx_word' id='word_1_179' title='bbox 1208 2206 1241 2243; x_wconf 87' lang='lat'>20</span> 
     </span>
     <span class='ocr_line' id='line_1_22' title="bbox 197 2287 1195 2365; baseline -0.001 -17"><span class='ocrx_word' id='word_1_180' title='bbox 197 2290 221 2348; x_wconf 91' lang='lat' dir='ltr'>si</span> <span class='ocrx_word' id='word_1_181' title='bbox 235 2290 299 2365; x_wconf 90' lang='lat' dir='ltr'>quis</span> <span class='ocrx_word' id='word_1_182' title='bbox 314 2291 498 2350; x_wconf 89' lang='lat' dir='ltr'>sacerdotum</span> <span class='ocrx_word' id='word_1_183' title='bbox 512 2288 542 2348; x_wconf 90' lang='lat' dir='ltr'>in</span> <span class='ocrx_word' id='word_1_184' title='bbox 557 2289 655 2348; x_wconf 90' lang='lat' dir='ltr'>uicum</span> <span class='ocrx_word' id='word_1_185' title='bbox 669 2292 743 2349; x_wconf 87' lang='lat' dir='ltr'>sorte</span> <span class='ocrx_word' id='word_1_186' title='bbox 762 2288 921 2362; x_wconf 87' lang='lat' dir='ltr'>deueniret,</span> <span class='ocrx_word' id='word_1_187' title='bbox 937 2308 1008 2347; x_wconf 89' lang='lat' dir='ltr'>mox</span> <span class='ocrx_word' id='word_1_188' title='bbox 1022 2287 1195 2363; x_wconf 88' lang='lat' dir='ltr'>congregati</span> 
     </span>
     <span class='ocr_line' id='line_1_23' title="bbox 180 2382 1277 2460; baseline 0.001 -17"><span class='ocrx_word' id='word_1_189' title='bbox 180 2384 227 2444; x_wconf 76' lang='lat' dir='ltr'>&#39;in</span> <span class='ocrx_word' id='word_1_190' title='bbox 250 2404 341 2443; x_wconf 90' lang='lat' dir='ltr'>unum</span> <span class='ocrx_word' id='word_1_191' title='bbox 368 2384 465 2443; x_wconf 90' lang='lat' dir='ltr'>uicani</span> <span class='ocrx_word' id='word_1_192' title='bbox 489 2387 613 2444; x_wconf 86' lang='lat' dir='ltr'>uerbum</span> <span class='ocrx_word' id='word_1_193' title='bbox 635 2383 714 2444; x_wconf 90' lang='lat' dir='ltr'>uitae</span> <span class='ocrx_word' id='word_1_194' title='bbox 737 2387 776 2444; x_wconf 89' lang='lat' dir='ltr'>ab</span> <span class='ocrx_word' id='word_1_195' title='bbox 803 2384 854 2443; x_wconf 91' lang='lat' dir='ltr'>illo</span> <span class='ocrx_word' id='word_1_196' title='bbox 879 2394 1015 2460; x_wconf 88' lang='lat' dir='ltr'>expetere</span> <span class='ocrx_word' id='word_1_197' title='bbox 1036 2382 1191 2443; x_wconf 86' lang='lat' dir='ltr'>curabant</span> <span class='ocrx_word' id='word_1_198' title='bbox 1275 2421 1277 2444; x_wconf 56' lang='grc' dir='ltr'>ς</span> 
     </span>
     <span class='ocr_line' id='line_1_24' title="bbox 197 2478 1277 2557; baseline -0.001 -20"><span class='ocrx_word' id='word_1_199' title='bbox 197 2499 266 2537; x_wconf 88' lang='lat' dir='ltr'>nam</span> <span class='ocrx_word' id='word_1_200' title='bbox 280 2498 377 2556; x_wconf 91' lang='lat' dir='ltr'>neque</span> <span class='ocrx_word' id='word_1_201' title='bbox 391 2480 447 2539; x_wconf 86' lang='lat' dir='ltr'>alia</span> <span class='ocrx_word' id='word_1_202' title='bbox 461 2480 531 2557; x_wconf 92' lang='lat' dir='ltr'>ipsis</span> <span class='ocrx_word' id='word_1_203' title='bbox 545 2479 747 2539; x_wconf 90' lang='lat' dir='ltr'>sacerdotibus</span> <span class='ocrx_word' id='word_1_204' title='bbox 761 2491 812 2539; x_wconf 91' lang='lat' dir='ltr'>aut</span> <span class='ocrx_word' id='word_1_205' title='bbox 828 2479 939 2538; x_wconf 91' lang='lat' dir='ltr'>clericis</span> <span class='ocrx_word' id='word_1_206' title='bbox 952 2478 1034 2538; x_wconf 92' lang='lat' dir='ltr'>uicos</span> <span class='ocrx_word' id='word_1_207' title='bbox 1048 2478 1193 2551; x_wconf 88' lang='lat' dir='ltr'>adeundi,</span> <span class='ocrx_word' id='word_1_208' title='bbox 1275 2519 1277 2524; x_wconf 88' lang='lat'>-</span> 
     </span>
     <span class='ocr_line' id='line_1_25' title="bbox 197 2573 1277 2654; baseline 0 -21"><span class='ocrx_word' id='word_1_209' title='bbox 197 2594 285 2651; x_wconf 87' lang='lat' dir='ltr'>quarn</span> <span class='ocrx_word' id='word_1_210' title='bbox 299 2574 488 2651; x_wconf 88' lang='lat' dir='ltr'>praedicandi</span> <span class='ocrx_word' id='word_1_211' title='bbox 505 2575 673 2651; x_wconf 89' lang='lat' dir='ltr'>baptizandi</span> <span class='ocrx_word' id='word_1_212' title='bbox 692 2575 822 2635; x_wconf 88' lang='lat' dir='ltr'>infirmos</span> <span class='ocrx_word' id='word_1_213' title='bbox 841 2574 980 2635; x_wconf 89' lang='lat' dir='ltr'>uisitandi</span> <span class='ocrx_word' id='word_1_214' title='bbox 994 2584 1032 2646; x_wconf 86' lang='lat' dir='ltr'>et,</span> <span class='ocrx_word' id='word_1_215' title='bbox 1047 2583 1080 2631; x_wconf 92' lang='lat' dir='ltr'>ut</span> <span class='ocrx_word' id='word_1_216' title='bbox 1094 2573 1194 2633; x_wconf 88' lang='lat' dir='ltr'>breui·</span> <span class='ocrx_word' id='word_1_217' title='bbox 1275 2583 1277 2654; x_wconf 71' lang='lat' dir='ltr'>J</span> 
     </span>
     <span class='ocr_line' id='line_1_26' title="bbox 197 2670 1277 2758; baseline 0 -29"><span class='ocrx_word' id='word_1_218' title='bbox 197 2682 240 2730; x_wconf 91' lang='lat' dir='ltr'>ter</span> <span class='ocrx_word' id='word_1_219' title='bbox 257 2672 362 2742; x_wconf 87' lang='lat' dir='ltr'>dicam,</span> <span class='ocrx_word' id='word_1_220' title='bbox 383 2670 495 2729; x_wconf 91' lang='lat' dir='ltr'>animas</span> <span class='ocrx_word' id='word_1_221' title='bbox 516 2671 638 2729; x_wconf 87' lang='lat' dir='ltr'>curandi</span> <span class='ocrx_word' id='word_1_222' title='bbox 657 2691 746 2730; x_wconf 87' lang='lat' dir='ltr'>causa</span> <span class='ocrx_word' id='word_1_223' title='bbox 764 2671 837 2730; x_wconf 85' lang='lat' dir='ltr'>suit:</span> <span class='ocrx_word' id='word_1_224' title='bbox 857 2670 952 2747; x_wconf 86' lang='lat' dir='ltr'>quiin</span> <span class='ocrx_word' id='word_1_225' title='bbox 972 2680 1085 2728; x_wconf 90' lang='lat' dir='ltr'>tantum</span> <span class='ocrx_word' id='word_1_226' title='bbox 1105 2681 1194 2729; x_wconf 87' lang='lat' dir='ltr'>erant</span> <span class='ocrx_word' id='word_1_227' title='bbox 1208 2700 1240 2758; x_wconf 82' lang='lat'>²5</span> <span class='ocrx_word' id='word_1_228' title='bbox 1275 2709 1277 2750; x_wconf 77' lang='lat'>3</span> 
     </span>
     <span class='ocr_line' id='line_1_27' title="bbox 197 2765 1277 2844; baseline 0.001 -18"><span class='ocrx_word' id='word_1_229' title='bbox 197 2768 234 2826; x_wconf 92' lang='lat' dir='ltr'>ab</span> <span class='ocrx_word' id='word_1_230' title='bbox 249 2766 329 2826; x_wconf 90' lang='lat' dir='ltr'>omni</span> <span class='ocrx_word' id='word_1_231' title='bbox 345 2766 483 2825; x_wconf 85' lang='lat' dir='ltr'>auaritiae</span> <span class='ocrx_word' id='word_1_232' title='bbox 502 2778 584 2843; x_wconf 89' lang='lat' dir='ltr'>peste</span> <span class='ocrx_word' id='word_1_233' title='bbox 599 2766 740 2844; x_wconf 87' lang='lat' dir='ltr'>castigati,</span> <span class='ocrx_word' id='word_1_234' title='bbox 760 2778 792 2827; x_wconf 90' lang='lat' dir='ltr'>ut</span> <span class='ocrx_word' id='word_1_235' title='bbox 810 2786 899 2826; x_wconf 87' lang='lat' dir='ltr'>nemo</span> <span class='ocrx_word' id='word_1_236' title='bbox 917 2765 1059 2826; x_wconf 86' lang='lat' dir='ltr'>territoria</span> <span class='ocrx_word' id='word_1_237' title='bbox 1072 2783 1108 2823; x_wconf 90' lang='lat' dir='ltr'>ac</span> <span class='ocrx_word' id='word_1_238' title='bbox 1121 2785 1194 2841; x_wconf 93' lang='lat' dir='ltr'>pos·</span> <span class='ocrx_word' id='word_1_239' title='bbox 1275 2773 1277 2838; x_wconf 80' lang='lat' dir='ltr'>l</span> 
     </span>
     <span class='ocr_line' id='line_1_28' title="bbox 198 2859 1277 2940; baseline 0 -19"><span class='ocrx_word' id='word_1_240' title='bbox 198 2862 341 2921; x_wconf 84' lang='lat' dir='ltr'>sessiones</span> <span class='ocrx_word' id='word_1_241' title='bbox 369 2862 407 2919; x_wconf 93' lang='lat' dir='ltr'>ad</span> <span class='ocrx_word' id='word_1_242' title='bbox 437 2863 634 2921; x_wconf 89' lang='lat' dir='ltr'>construenda</span> <span class='ocrx_word' id='word_1_243' title='bbox 669 2862 854 2935; x_wconf 88' lang='lat' dir='ltr'>monasteria,</span> <span class='ocrx_word' id='word_1_244' title='bbox 889 2860 946 2919; x_wconf 90' lang='lat' dir='ltr'>nisi</span> <span class='ocrx_word' id='word_1_245' title='bbox 973 2880 991 2919; x_wconf 91' lang='lat' dir='ltr'>a</span> <span class='ocrx_word' id='word_1_246' title='bbox 1017 2859 1193 2939; x_wconf 88' lang='lat' dir='ltr'>potentibus</span> <span class='ocrx_word' id='word_1_247' title='bbox 1275 2936 1277 2940; x_wconf 9' lang='lat' dir='ltr'>y</span> 
     </span>
     <span class='ocr_line' id='line_1_29' title="bbox 197 2951 1277 3034; baseline -0.002 -17"><span class='ocrx_word' id='word_1_248' title='bbox 197 2957 305 3017; x_wconf 90' lang='lat' dir='ltr'>saeculi</span> <span class='ocrx_word' id='word_1_249' title='bbox 332 2968 460 3029; x_wconf 90' lang='lat' dir='ltr'>coactus,</span> <span class='ocrx_word' id='word_1_250' title='bbox 483 2957 635 3032; x_wconf 85' lang='lat' dir='ltr'>acciperet.</span> <span class='ocrx_word' id='word_1_251' title='bbox 691 2977 768 3034; x_wconf 91' lang='lat' dir='ltr'>quae</span> <span class='ocrx_word' id='word_1_252' title='bbox 795 2958 980 3017; x_wconf 91' lang='lat' dir='ltr'>consuetudo</span> <span class='ocrx_word' id='word_1_253' title='bbox 1008 2976 1061 3032; x_wconf 89' lang='lat' dir='ltr'>per</span> <span class='ocrx_word' id='word_1_254' title='bbox 1088 2956 1194 3015; x_wconf 89' lang='lat' dir='ltr'>omnia</span> <span class='ocrx_word' id='word_1_255' title='bbox 1275 2951 1277 2986; x_wconf 75' lang='lat'>³</span> 
     </span>
     <span class='ocr_line' id='line_1_30' title="bbox 195 3053 1277 3129; baseline 0.002 -18"><span class='ocrx_word' id='word_1_256' title='bbox 195 3055 345 3129; x_wconf 88' lang='lat' dir='ltr'>aliquanto</span> <span class='ocrx_word' id='word_1_257' title='bbox 362 3064 429 3129; x_wconf 92' lang='lat' dir='ltr'>post</span> <span class='ocrx_word' id='word_1_258' title='bbox 447 3054 521 3111; x_wconf 87' lang='lat' dir='ltr'>haec</span> <span class='ocrx_word' id='word_1_259' title='bbox 538 3064 669 3129; x_wconf 91' lang='lat' dir='ltr'>tempore</span> <span class='ocrx_word' id='word_1_260' title='bbox 683 3053 714 3114; x_wconf 87' lang='lat' dir='ltr'>in</span> <span class='ocrx_word' id='word_1_261' title='bbox 728 3053 858 3115; x_wconf 91' lang='lat' dir='ltr'>ecclesiis</span> <span class='ocrx_word' id='word_1_262' title='bbox 873 3053 1193 3129; x_wconf 86' lang='lat' dir='ltr'>Nordanhymbrorum</span> <span class='ocrx_word' id='word_1_263' title='bbox 1275 3083 1277 3090; x_wconf 95' lang='lat'>·</span> 
     </span>
     <span class='ocr_line' id='line_1_31' title="bbox 196 3138 1277 3211; baseline 0.004 -4"><span class='ocrx_word' id='word_1_264' title='bbox 196 3161 310 3208; x_wconf 89' lang='lat' dir='ltr'>seruata</span> <span class='ocrx_word' id='word_1_265' title='bbox 324 3160 376 3208; x_wconf 92' lang='lat' dir='ltr'>est.</span> <span class='ocrx_word' id='word_1_266' title='bbox 419 3150 471 3208; x_wconf 91' lang='lat' dir='ltr'>sed</span> <span class='ocrx_word' id='word_1_267' title='bbox 487 3149 523 3208; x_wconf 91' lang='lat' dir='ltr'>de</span> <span class='ocrx_word' id='word_1_268' title='bbox 538 3148 583 3208; x_wconf 91' lang='lat' dir='ltr'>his</span> <span class='ocrx_word' id='word_1_269' title='bbox 597 3148 667 3209; x_wconf 88' lang='lat' dir='ltr'>satis</span> <span class='ocrx_word' id='word_1_270' title='bbox 682 3148 803 3211; x_wconf 91' lang='lat' dir='ltr'>dictum.</span> <span class='ocrx_word' id='word_1_271' title='bbox 1275 3138 1277 3143; x_wconf 47' lang='grc'><strong>’</strong></span> 
     </span>
    </p>
   </div>
   <div class='ocr_carea' id='block_1_3' title="bbox 173 3301 1118 3437">
    <p class='ocr_par' dir='ltr' id='par_1_8' title="bbox 173 3301 1118 3437">
     <span class='ocr_line' id='line_1_32' title="bbox 173 3301 1118 3369; baseline 0.008 -21"><span class='ocrx_word' id='word_1_272' title='bbox 173 3342 176 3347; x_wconf 93' lang='grc'>.</span> <span class='ocrx_word' id='word_1_273' title='bbox 260 3301 391 3367; x_wconf 69' lang='lat' dir='ltr'>⁶ex1gisset</span> <span class='ocrx_word' id='word_1_274' title='bbox 404 3320 449 3354; x_wconf 80' lang='lat' dir='ltr'>ms</span> <span class='ocrx_word' id='word_1_275' title='bbox 606 3302 627 3335; x_wconf 76' lang='lat'>¹²</span> <span class='ocrx_word' id='word_1_276' title='bbox 642 3312 697 3354; x_wconf 86' lang='lat' dir='ltr'>erat</span> <span class='ocrx_word' id='word_1_277' title='bbox 711 3322 753 3355; x_wconf 88' lang='lat' dir='ltr'>om</span> <span class='ocrx_word' id='word_1_278' title='bbox 763 3322 807 3356; x_wconf 75' lang='lat' dir='ltr'>ms</span> <span class='ocrx_word' id='word_1_279' title='bbox 959 3304 981 3338; x_wconf 80' lang='lat'>¹⁶</span> <span class='ocrx_word' id='word_1_280' title='bbox 990 3305 1057 3369; x_wconf 80' lang='lat' dir='ltr'>flexo</span> <span class='ocrx_word' id='word_1_281' title='bbox 1073 3322 1118 3357; x_wconf 87' lang='lat' dir='ltr'>ms.</span> 
     </span>
     <span class='ocr_line' id='line_1_33' title="bbox 563 3384 819 3437; baseline 0.008 -2"><span class='ocrx_word' id='word_1_282' title='bbox 563 3384 583 3417; x_wconf 76' lang='lat'>¹⁷</span> <span class='ocrx_word' id='word_1_283' title='bbox 600 3386 758 3435; x_wconf 60' lang='lat' dir='ltr'>crematoris</span> <span class='ocrx_word' id='word_1_284' title='bbox 774 3403 819 3437; x_wconf 80' lang='lat' dir='ltr'>ms·</span> 
     </span>
    </p>
   </div>
   <div class='ocr_carea' id='block_1_4' title="bbox 0 0 1304 3834">
    <p class='ocr_par' dir='ltr' id='par_1_9' title="bbox 0 0 1304 3834">
     <span class='ocr_line' id='line_1_34' title="bbox 0 0 1304 3834; baseline 0 0"><span class='ocrx_word' id='word_1_285' title='bbox 0 0 1304 3834; x_wconf 95' lang='lat' dir='ltr'> </span> 
     </span>
    </p>
   </div>
  </div>
 </body>
</html>
