2592 3834
130 243 165 327 7]
214 263 313 313 KING
336 263 553 313 COINVALCH
568 263 652 312 ΛΝΒ
671 263 809 313 BISHOP
824 260 1044 312 AGILBERCT·
1088 262 1124 320 31

128 388 194 449 sibi
209 388 324 466 accepit
337 389 369 447 in
382 389 483 447 filiurn.
518 389 705 448 donauemnt
718 400 818 448 autem
831 390 921 448 ambo
933 406 1016 463 reges
1029 385 1127 447 eidem

129 487 282 563 episcopo
295 486 446 546 ciuitatem
465 504 540 561 quae
559 497 683 545 uocatur
697 486 808 545 Dorcic
820 486 858 543 ad
874 485 1042 544 faciendum
1055 482 1129 545 inibi

128 584 241 641 sedem
258 583 464 658 episcopalem,
485 580 536 639 ubi
554 581 639 639 factis
658 580 861 656 dedicatisque
874 578 1005 639 ecclesiis
1018 578 1130 638 multis-

129 696 197 753 que
211 678 249 737 ad
264 678 418 737 dominum
431 676 483 753 pio
497 676 558 735 eius
575 678 677 735 labore
692 676 811 752 populis
827 674 980 734 aduocatis
993 674 1129 751 migrauit
1163 721 1169 735 ,

94 774 173 848 5ad
205 774 357 831 dominum
385 776 574 849 sepultusque
602 783 647 832 est
674 772 705 832 in
733 773 838 832 eadem
865 772 983 831 ciuitate
1007 783 1037 832 et
1060 783 1129 849 post

128 887 233 927 annos
255 872 364 929 multos
387 870 516 929 Haedde
539 868 740 945 episcopatum
758 880 866 944 agente
884 870 1041 928 translatus
1058 868 1128 929 inde

128 962 164 1020 in
187 964 319 1021 Ventam
340 963 490 1022 ciuitatem
511 974 600 1039 atque
620 962 652 1021 iu
680 950 816 1023 ecclesia⁸
830 964 984 1023 beatorum
1011 976 1129 1041 aposto-

128 1062 234 1120 lorum
249 1060 326 1119 Petri
341 1072 371 1119 et
385 1060 470 1119 Pauli
484 1060 596 1136 positus
609 1072 662 1119 est.

191 1158 348 1228 Defuncto
369 1170 468 1215 autem
485 1168 514 1215 et
533 1176 600 1232 rege
622 1157 762 1217 successit
780 1156 812 1216 in
829 1177 952 1233 regnum
971 1157 1047 1217 filius
1066 1156 1129 1217 eius

75 1271 114 1309 10
130 1248 313 1322 Coinualch,
348 1250 399 1325 qui
429 1262 459 1310 et
485 1252 575 1309 fidem
602 1270 638 1310 ac
666 1264 849 1311 sacramenta
882 1253 964 1328 regni
994 1253 1129 1313 caelestis

131 1346 287 1423 suscipere
310 1348 426 1407 rennuit
449 1359 479 1407 et
499 1366 559 1405 non
577 1349 671 1407 multo
687 1360 759 1424 post
776 1349 865 1408 etiam
884 1347 966 1423 regni
986 1348 1128 1408 terrestris

129 1444 302 1520 potentiam
323 1445 458 1521 perdidit.
511 1444 667 1520 repudiata
688 1446 767 1504 enim
790 1465 890 1505 sorore
909 1446 1032 1505 Pendan
1053 1445 1129 1522 regis

131 1540 317 1597 Merciorum
340 1559 428 1614 quarn
447 1540 577 1609 duxerat,
600 1540 689 1598 aliam
711 1540 826 1616 accepit
849 1559 981 1613 uxorem,
1000 1540 1129 1616 ideoque

130 1637 216 1695 bello
238 1634 346 1711 petitus
368 1656 404 1694 ac
431 1656 521 1711 regno
545 1634 677 1711 priuatus
699 1638 737 1696 ab
759 1636 810 1697 illo
832 1637 953 1697 secessit
970 1638 1009 1697 ad
1027 1656 1127 1713 regem

76 1756 112 1813 15
131 1735 328 1797 Orientalium
347 1736 510 1810 Anglorum
529 1734 576 1792 cui
594 1754 706 1793 nomeu
728 1746 790 1794 erat
811 1737 917 1809 Anna;
940 1734 1020 1811 apud
1038 1753 1127 1809 quem

129 1832 261 1893 triennio
278 1833 397 1890 exulans
414 1832 503 1889 fidem
523 1831 664 1907 cognouit
680 1851 716 1889 ac
730 1831 859 1907 suscepit
877 1831 1015 1891 ueritatis.
1057 1850 1127 1890 nam

131 1939 162 1986 et
183 1926 248 2002 ipse
268 1929 348 2002 apud
375 1944 463 2001 quem
488 1928 624 1986 exulabat
643 1946 696 1985 rex
716 1937 778 1987 erat
798 1926 843 1985 uir
869 1928 966 1986 bonus
990 1939 1020 1986 et
1047 1927 1127 1986 bona

130 2044 167 2083 ac
182 2036 285 2083 sancta
299 2024 402 2082 sobole
416 2010 494 2093 felix,
510 2033 543 2081 ut
557 2022 794 2098 insequentibus
809 2023 991 2082 docebimus.

194 2121 272 2179 Cum
293 2138 364 2179 uero
380 2119 531 2177 restitutus
554 2129 641 2178 esset
653 2118 685 2177 in
705 2137 829 2194 regnum
850 2117 1023 2189 Coinualch,
1043 2118 1126 2177 uenit

77 2243 115 2279 20
131 2216 162 2275 in
180 2214 364 2291 prouinciam
382 2215 420 2273 de
442 2215 588 2273 Hibernia
609 2214 743 2290 pontifex
763 2214 883 2290 quidam
904 2214 1025 2273 nomine
1046 2214 1126 2291 Agil-

131 2314 258 2383 berctus‚
275 2311 393 2370 natione
412 2312 532 2385 quidem
546 2312 650 2371 Gallus
668 2312 720 2369 sed
740 2322 812 2370 tunc
829 2312 1018 2387 legendarum
1032 2312 1125 2387 gratia

131 2408 339 2486 scripturarum
360 2408 391 2467 in
415 2408 561 2468 Hibernia
587 2429 648 2468 non
677 2428 769 2485 paruo
790 2419 923 2484 tempore
947 2410 1123 2482 demoratus,

132 2504 343 2579 coniunxitque
367 2524 399 2563 se
422 2504 484 2580 regi
506 2515 613 2579 sponte
635 2504 830 2563 ministerium
857 2503 1048 2579 praedicandi
1075 2508 1124 2566 ad·

132 2621 259 2662 sumens.
299 2600 381 2659 cuius
409 2601 605 2660 eruditionem
631 2612 720 2675 atque
748 2599 920 2658 industriam
946 2600 1051 2660 uidens
1073 2621 1124 2660 rex

79 2719 115 2773 25
130 2698 245 2774 rogauit
259 2716 328 2755 eum
346 2708 468 2773 accepta
487 2697 528 2756 ibi
547 2698 618 2758 sede
637 2697 798 2774 episcopali
816 2717 888 2770 suae¹
904 2698 986 2774 genti
1004 2719 1122 2758 manere

131 2796 309 2871 pontificem.
353 2794 403 2869 qui
417 2795 552 2869 precibus
572 2794 634 2853 eius
653 2795 796 2865 adnuens,
813 2793 912 2853 multis
926 2793 1010 2854 annis
1025 2794 1121 2855 eidem

130 2890 209 2964 genti
232 2888 406 2948 sacerdotali
428 2888 488 2948 iure
510 2889 644 2965 praefuit.
687 2891 808 2948 tandem
831 2908 881 2949 rex
901 2890 950 2964 qui
973 2892 1121 2950 Saxonum
1221 2881 1225 2887 ’

130 2996 245 3044 tanturn
258 2986 388 3061 linguam
403 2997 525 3045 nouerat
539 2997 690 3061 pertaesus
704 2988 845 3047 barbarae
860 2988 1006 3063 loquellae
1024 2988 1121 3047 subin·

130 3079 257 3140 troduxit
277 3080 308 3139 in
329 3080 512 3156 prouinciam
533 3081 623 3140 alium
644 3100 714 3139 suae
741 3081 858 3157 linguae
879 3081 1050 3157 episcopum
1071 3101 1121 3142 uo·

80 3202 118 3258 30
130 3178 235 3237 cabulo
248 3176 320 3235 Vini
340 3187 370 3235 et
390 3176 487 3253 ipsum
507 3176 538 3234 in
558 3175 655 3235 Gallia
671 3176 838 3236 ordinatum
847 3198 856 3249 ;
877 3176 1070 3253 diuidensque
1089 3178 1119 3237 in

130 3274 200 3332 duas
220 3271 389 3348 parrochias
408 3271 601 3347 prouinciam,
623 3271 692 3329 huic
712 3271 743 3330 in
763 3271 882 3330 ciuitate
896 3274 995 3330 Venta
1011 3292 1119 3349 quaea
1145 3336 1148 3341 ,

129 3381 215 3445 gente
229 3370 378 3428 Saxonum
392 3368 610 3429 Vintancaestir
627 3370 791 3445 appellatur
804 3370 906 3427 sedem
921 3368 1116 3445 episcopalem

329 3486 350 3521 ¹¹
367 3487 448 3539 r'enuit
459 3490 498 3539 Cl.
678 3488 699 3521 ²⁰
715 3489 856 3539 Hibernicr'a
867 3504 912 3539 ms.
