2592 3834
106 224 163 309 12]
335 247 434 297 cuna
457 248 505 298 oF
521 249 546 297 A
569 246 931 297 narare-Parman-
1068 245 1107 303 4¹

578 676 642 734 XII

112 836 370 963 SEQVENTE
391 836 497 898 dehinc
518 848 651 914 tempore
671 835 726 896 fuit
745 836 776 896 in
797 836 905 900 eodem
928 836 1109 897 monasterio

208 935 347 1010 puerulus
371 933 492 1010 quidam
513 934 602 1010 longo
623 932 749 992 febrium
771 931 962 992 incommodo
983 930 1108 1009 grauiter

108 1039 245 1089 uexatus.
285 1029 421 1105 quicum
439 1030 487 1089 die
504 1030 634 1106 quodam
652 1029 794 1089 sollicitus
811 1030 915 1088 horam
930 1028 1108 1089 accessionis

75 1149 91 1207 5
109 1136 306 1200 exspectaret,
320 1124 467 1202 ingressus
480 1126 520 1183 ad
539 1143 607 1184 eum
626 1123 749 1201 quidam
768 1125 807 1184 de
824 1123 958 1183 fratribus
978 1123 1052 1182 ‘uis’
1066 1123 1108 1182 in·

109 1224 188 1301 quit,
210 1224 267 1282 ‘mi
287 1234 366 1295 uate,
386 1224 510 1283 doceam
531 1232 561 1281 te
581 1223 735 1298 quomodo
755 1221 863 1281 cureris
882 1222 921 1281 ab
940 1220 1027 1279 huius
1046 1238 1108 1279 mo

108 1320 200 1379 lestia
213 1320 382 1396 languoris?
423 1339 506 1395 surge
524 1318 670 1395 ingredire
689 1318 842 1378 ecclesiam
861 1328 892 1377 et
909 1318 1055 1376 accedens
1069 1316 1108 1375 ad

110 1416 304 1492 sepulchrum
326 1414 450 1477 Osualdi
469 1414 510 1474 ibi
530 1413 625 1473 reside
646 1425 676 1474 et
697 1414 813 1490 quietus
836 1433 960 1473 manens
980 1413 1108 1472 adhaere

111 1513 245 1573 tumbae.
287 1513 356 1571 uide
375 1531 414 1572 ne
433 1532 519 1572 exeas
537 1511 607 1571 inde
626 1531 683 1571 nec
700 1513 738 1572 de
757 1513 824 1572 loco
841 1511 995 1584 monearis,
1010 1511 1107 1570 donec

61 1634 97 1671 10
112 1609 191 1669 hora
210 1608 382 1668 recessionis
403 1609 529 1669 febrium
551 1608 704 1669 transierit.
747 1619 818 1668 tunc
845 1608 910 1685 ipse
936 1607 1053 1667 intrabo
1079 1619 1108 1667 et

111 1706 244 1766 educam
267 1715 297 1764 te
321 1704 408 1764 inde'
449 1706 519 1765 fecit
541 1715 574 1764 ut
600 1704 651 1764 ille
671 1716 816 1764 suasserat
836 1706 1047 1779 sedentemque
1070 1703 1108 1762 ad

111 1802 251 1861 tumbam
272 1802 366 1860 sancti
388 1800 539 1861 infirmitas
563 1812 682 1878 tangere
707 1821 894 1879 nequaquam
916 1798 1109 1877 praesumsit3

113 1899 190 1977 quin
203 1898 233 1958 in
248 1910 363 1959 tantum
377 1898 483 1958 timens
497 1898 617 1975 aufugit,
630 1909 664 1958 ut
677 1918 734 1958 nec
748 1899 878 1958 secunda
891 1898 939 1958 die
953 1916 1010 1956 nec
1024 1896 1109 1956 tertia
1191 1891 1194 1902 “

112 2016 214 2073 neque
232 2016 375 2074 umquam
394 1996 500 2057 exinde
519 2017 587 2057 eum
605 1999 728 2059 auderet
746 1997 922 2074 contingere.
965 1997 1046 2073 quod
1068 1995 1110 2055 ita

64 2115 99 2174 ¹5
115 2112 182 2152 esse
195 2104 311 2169 gestum
324 2092 375 2168 qui
388 2093 531 2153 referebat
545 2092 617 2152 mihi
631 2094 719 2153 srater
732 2094 801 2153 inde
815 2092 985 2166 adueniens,
1001 2090 1109 2151 adiecit

114 2188 198 2264 quod
213 2205 250 2246 eo
266 2188 365 2246 adhuc
382 2197 516 2264 tempore
535 2208 595 2265 quo
614 2208 731 2248 mecum
751 2189 927 2264 loquebatur
945 2196 1110 2262 superesset

115 2284 146 2343 in
169 2285 278 2343 eodem
301 2283 479 2344 monasterio
501 2283 561 2343 iam
583 2284 696 2344 iuuenis
717 2284 766 2343 ille
790 2284 821 2343 in
843 2303 903 2360 quo
926 2294 997 2343 tunc
1016 2301 1109 2359 puero

114 2381 225 2438 iactum
240 2390 302 2438 erat
315 2380 374 2438 hoc
387 2379 558 2439 miraculum
575 2380 713 2439 sanitatis
756 2398 812 2439 nec
825 2379 991 2437 mirandum
1005 2396 1109 2453 preces

115 2475 191 2551 regis
205 2473 284 2532 illius
298 2473 357 2531 iam
375 2494 444 2533 cum
464 2474 585 2534 domino
603 2474 751 2551 regnantis
769 2476 893 2533 multum
912 2474 1011 2532 ualere
1029 2474 1109 2549 apud

66 2594 106 2635 20
118 2588 195 2641 eum,
216 2567 269 2644 qui
296 2568 465 2645 temporalis
492 2569 573 2646 regni
594 2570 792 2646 gubernacula
812 2581 917 2629 tenens
937 2566 1030 2644 magis
1054 2587 1109 2645 pro

118 2675 238 2724 aeterno
259 2683 376 2741 semper
395 2665 528 2725 laborare
548 2685 584 2724 ac
604 2665 754 2742 deprecari
774 2667 896 2726 solebat

177 2761 316 2838 Denique
330 2762 426 2820 serunt
440 2761 508 2837 quia
521 2782 539 2820 a
553 2772 685 2839 tempore
703 2762 863 2824 matutinae
880 2762 975 2821 laudis
994 2762 1110 2838 saepius

119 2858 156 2917 ad
174 2858 255 2918 diem
273 2877 368 2934 usque
387 2858 418 2917 in
437 2858 617 2919 orationibus
634 2859 792 2936 perstiterit
807 2870 896 2936 atque
915 2860 955 2919 ob
974 2861 1109 2918 crebrum

120 2972 230 3013 morem
252 2953 357 3013 orandi
377 2952 439 3013 siue
452 2955 562 3031 ,gratias
579 2954 686 3031 agendi
705 2955 827 3015 domino
846 2974 961 3031 semper
978 2953 1110 3014 ubicum-

71 3077 87 3115 a
91 3072 108 3130 5
121 3068 176 3125 que
196 3052 304 3111 sedens
323 3050 442 3126 supinas
461 3070 550 3128 super
566 3070 664 3128 genua
683 3070 736 3109 sua
757 3070 862 3109 manus
880 3051 989 3110 habere
1006 3049 1109 3109 solitus

122 3147 164 3207 sit
204 3150 359 3224 uulgatum
384 3158 428 3207 est
453 3159 553 3207 autem
577 3158 608 3208 et
630 3146 935 3214 inconsuetudinem
961 3147 1109 3223 prouerbii

122 3260 233 3302 uersum
261 3244 344 3320 quod
372 3244 460 3303 etiam
488 3243 565 3303 inter
590 3244 681 3303 uerba
707 3240 848 3301 orationis
874 3241 967 3300 uitam
993 3231 1114 3301 finierit.¹

122 3354 187 3395 nam
201 3357 269 3397 cum
282 3337 370 3398 armis
383 3350 414 3398 et
426 3339 561 3398 hostibus
577 3336 788 3412 circumseptus
803 3334 982 3412 iamiamque
995 3334 1110 3397 uideret

125 3449 153 3491 se
179 3451 244 3505 esse
266 3432 479 3511 perimendum,
503 3433 597 3494 orauit
623 3452 678 3511 pro
704 3432 861 3493 animabus
888 3432 1031 3492 exercitus
1054 3430 1109 3490 sui.
