2592 3834
159 218 209 301 24]
383 235 723 285 srxanNAEsrrAch.
759 234 919 285 sisenes
1106 221 1143 291 6⁷

155 364 289 441 singulae
307 378 378 424 uero
395 364 596 441 possessiones
612 384 632 424 x
649 374 732 425 erant
749 364 932 437 familiarum,
947 363 980 425 id
997 373 1042 425 est
1059 362 1147 423 simul

155 481 261 522 omnes
282 482 345 521 cxx.
388 462 506 523 intrauit
527 475 626 523 autem
647 465 776 540 praefata
797 464 872 541 regis
892 461 986 525 Osuiu
1008 462 1067 521 lilia
1088 462 1147 522 deo

155 562 323 622 dedicanda
346 560 555 621 monasterium
577 562 657 637 quod
680 572 866 638 nuncupatur
883 562 1027 631 Heruteu,
1049 558 1082 619 id
1102 570 1146 619 est

154 642 261 717 insula¹
273 657 362 731 cerui,
384 657 432 717 cui
454 666 525 717 tunc
546 657 622 718 Hild
641 656 789 718 abbatissa
808 656 941 734 praefuit.
983 674 1059 733 quae
1079 666 1146 733 post

122 752 309 835 5biennium
330 764 500 829 comparata
520 753 706 830 possessione
723 773 743 811 x
761 751 935 812 familiarum
954 750 986 811 in
1006 751 1074 810 loco
1095 749 1146 827 qui

155 845 263 905 dicitur
281 848 519 920 streanaeshalch,
541 847 583 907 ibi
601 847 811 907 monasterium
829 846 990 907 construxit
1000 866 1009 919 ;
1035 845 1067 905 in
1085 864 1146 921 quo

153 952 317 1000 memorata
335 943 410 1019 regis
428 944 487 1002 filia
504 942 600 1019 primo
619 942 762 1020 discipula
780 942 859 1002 uitae
880 942 1018 1019 regularis
1037 940 1145 1002 deinde

154 1036 245 1095 etiam
259 1038 396 1115 magistra
409 1039 511 1112 extitit,
528 1040 624 1099 donec
641 1041 781 1116 conpleto
798 1041 908 1100 undelx
929 1057 1073 1099 annorum
1092 1058 1144 1098 nu-

151 1152 237 1193 mero
254 1134 294 1193 ad
309 1137 498 1212 complexum
512 1146 541 1195 et
555 1135 672 1212 nuptias
684 1135 791 1211 sponsi
809 1135 941 1195 caelestis
959 1135 1043 1212 uirgo
1060 1134 1146 1195 beata

98 1260 139 1298 10
152 1230 281 1289 intraret
323 1229 355 1288 in
376 1249 437 1305 quo
457 1230 636 1291 monasterio
659 1242 689 1291 et
715 1230 779 1307 ipsa
802 1243 831 1292 et
854 1244 937 1309 pater
962 1232 1026 1292 eius
1050 1215 1145 1293 Osuiu

152 1338 184 1385 et
198 1336 291 1385 mater
305 1325 368 1385 eius
380 1327 524 1385 Aeanflcd
539 1338 567 1385 et
581 1337 664 1402 pater
677 1327 776 1387 matris
795 1328 857 1388 eius
876 1327 1005 1389 Aeduini
1017 1338 1047 1389 et
1060 1328 1145 1389 multi

150 1419 204 1479 alii
224 1420 339 1480 nobiles
362 1420 393 1479 in
415 1420 538 1481 ecclesia
564 1422 658 1481 sancti
683 1422 809 1499 apostoli
831 1423 909 1483 Petri
935 1423 1041 1499 sepulti
1067 1434 1143 1482 sunt

149 1518 212 1577 hoc
225 1528 325 1577 autem
339 1518 450 1577 bellum
463 1537 514 1577 rex
527 1518 622 1579 Osuiu
636 1519 668 1577 in
681 1519 798 1596 regione
814 1521 915 1581 Loidis
928 1520 1014 1581 tertio
1028 1519 1144 1579 decimo

149 1613 236 1689 regni
249 1612 294 1673 sui
307 1633 386 1673 anno
400 1613 474 1673 xuiia
487 1614 535 1673 die
549 1615 741 1673 kalendarum
756 1616 966 1675 Decembrium
980 1635 1048 1675 cum
1066 1634 1145 1692 mag·

95 1742 133 1800 15
148 1708 193 1767 'na
205 1708 356 1785 utriusque
370 1709 473 1786 populi
486 1709 609 1792 utilitate
624 1710 758 1770 confecit
800 1730 870 1769 nam
883 1721 913 1770 et
926 1730 1009 1770 suam
1025 1721 1144 1787 gentem

150 1806 192 1865 ab
205 1804 304 1863 hostili
322 1824 502 1881 paganorum
523 1806 752 1883 depopulatione
770 1806 912 1880 liberauit,
927 1818 956 1867 et
970 1807 1064 1883 ipsam
1077 1827 1145 1884 gen·

149 1913 215 1962 tem
230 1902 410 1961 Merciorum
423 1901 671 1978 finitimarumque
685 1902 901 1978 prouinciarum
916 1905 1035 1965 desecto
1048 1902 1144 1980 capite

148 2000 266 2075 perfido
279 2000 318 2059 ad
333 1998 401 2057 fidei
416 1997 597 2058 Christianae
610 1999 730 2074 gratiam
746 2000 898 2062 conuertit.

213 2097 329 2158 Primus
343 2107 442 2155 autem
456 2094 486 2155 in
499 2095 652 2171 prouincia
666 2097 844 2155 Merciorum
858 2097 944 2156 simul
959 2109 988 2156 et
1002 2096 1144 2156 Lindisfa·

94 2222 134 2260 20
147 2212 250 2252 rorum
270 2212 308 2251 ac
326 2190 608 2251 Mediterrancorum
626 2192 790 2267 Anglorum
809 2194 900 2251 factus
923 2203 966 2251 est
988 2191 1143 2266 episcopus

149 2290 271 2363 Diuma,
292 2299 429 2364 utsupra
451 2287 585 2361 diximus,
604 2286 656 2363 qui
675 2288 755 2363 apud
778 2287 1008 2346 Mediterraneos
1030 2288 1143 2361 Anglos

147 2385 308 2443 defunctus
342 2402 377 2441 ac
404 2383 535 2458 sepultus
563 2393 614 2455 est,
643 2384 791 2457 secundus
815 2382 935 2442 Cellach
964 2380 1015 2456 qui
1041 2379 1142 2441 relicto

146 2479 338 2555 episcopatus
362 2477 459 2537 officio
480 2476 586 2537 uiuens
609 2479 649 2536 ad
673 2477 814 2536 Scottiam
841 2476 933 2545 rediit,
959 2488 1080 2552 uterque
1104 2477 1142 2536 de

145 2593 256 2651 genere
278 2574 463 2633 Scottorum:
491 2572 592 2631 tertius
620 2572 784 2643 Trumheri,
808 2573 845 2631 de
873 2571 992 2631 natione
1022 2570 1141 2645 quidem

92 2698 129 2755 25
146 2672 314 2747 Anglorum
332 2670 386 2728 sed
404 2670 527 2728 edoctus
542 2679 571 2727 et
586 2668 735 2726 ordinatus
749 2687 766 2726 a
780 2666 894 2739 Scottis,
908 2666 959 2742 qui
975 2677 1036 2725 erat
1050 2667 1142 2726 abbas

146 2766 181 2825 in
207 2766 386 2825 monasterio
414 2767 495 2841 quod
516 2765 622 2824 dicitur
647 2765 851 2841 lngetlingum.
904 2764 967 2840 ipse
991 2774 1035 2822 est
1057 2765 1140 2823 locus

145 2862 200 2922 ubi
224 2862 340 2922 occisus
367 2873 411 2921 est
438 2882 488 2922 rex
509 2862 622 2935 osuini,
651 2873 683 2921 ut
710 2881 798 2937 supra
824 2860 1018 2923 meminimus.
1070 2880 1139 2919 narn

144 2957 247 3033 regina
263 2958 408 3027 Aeanfled
425 2956 591 3034 propinqua
606 2956 683 3015 illius
697 2957 736 3015 ob
750 2954 968 3030 castigationem
982 2953 1062 3013 necis
1077 2954 1139 3013 eius

143 3052 273 3112 iniustae
307 3052 467 3128 postulauit
493 3071 511 3110 a
536 3070 604 3127 rege
631 3050 735 3123 Osuio,
764 3062 797 3109 ut
823 3052 945 3109 donaret
972 3048 1013 3107 illi
1039 3049 1138 3107 locum

87 3176 128 3230 30
143 3149 358 3210 monasterium
380 3147 570 3208 construendi
593 3149 723 3223 praefato
747 3146 795 3206 dei
816 3146 926 3204 famulo
948 3144 1138 3216 Trumherae,

143 3246 218 3324 quia
235 3245 417 3321 propinquus
436 3242 546 3319 etipse
565 3254 625 3301 erat
643 3242 718 3318 regis
737 3240 843 3301 occisi:
870 3240 901 3297 in
920 3258 980 3314 quo
1000 3238 1139 3298 uidelicet

141 3340 325 3404 monasterio
347 3341 492 3401 orationes
518 3339 653 3399 assiduae
677 3357 730 3415 pro
752 3337 902 3413 utriusque
929 3333 1013 3411 regis,
1037 3333 1069 3394 id
1094 3345 1137 3394 est

305 3451 327 3485 ²⁶
343 3454 407 3502 locus
422 3468 462 3501 see
474 3468 556 3501 manu.
733 3447 754 3480 ³⁰
772 3448 912 3496 azonastm'o
927 3461 972 3493 ms.

975 3523 1050 3579 5-2
