2592 3834
114 195 157 276 28]
200 217 346 264 rsuram
370 200 556 266 comaclen
563 219 638 266 rso
660 219 798 268 arsum>
816 220 865 268 mr
886 219 991 270 aaut.
1046 205 1081 262 81

112 343 259 404 suetudinis
277 345 476 407 continentiae
495 331 687 424 simplicitatis
706 360 735 408 et
754 349 879 408 iustitiae
898 349 1083 426 perfectione.

113 438 229 498 undeet
249 441 330 516 genti
351 461 421 501 suae
446 454 475 502 et
497 442 553 502 illis
574 444 605 502 in
630 445 736 521 quibus
762 447 897 506 exulabat
919 444 1085 504 nationibus

112 533 262 594 Scottorum
295 536 360 597 siue
394 539 551 612 Pictorum,
581 543 717 616 exemplo
744 541 865 601 uiuendi
892 553 922 601 et
948 540 1087 600 instantia

113 630 228 691 docendi
250 645 279 693 et
300 635 473 696 auctoritate
494 637 670 714 corripiendi
695 649 724 698 et
748 638 856 714 pietate
881 636 1021 715 largiendi
1049 637 1087 696 de

87 726 151 795 5his
175 747 246 804 quae
266 751 285 790 a
305 731 447 792 diuitibus
473 747 634 810 acceperat,
663 737 788 794 multum
815 736 931 812 profuit.
974 735 1086 795 addidit

112 836 199 885 autem
212 828 286 887 uotis
300 848 376 904 quae
390 828 526 904 diximus,
545 841 579 891 ut
594 851 711 908 semper
722 831 753 890 in
767 833 832 890 xlma
845 851 906 890 non
919 833 985 908 plus
1000 850 1087 907 quarn

112 925 193 981 semel
206 922 234 981 in
248 924 296 983 die
310 926 449 998 reficeret,
463 947 525 985 non
542 927 624 986 aliud
643 947 734 1002 quam
752 945 860 1002 panem
873 946 909 986 ac
922 929 969 985 lac
982 927 1089 986 tenuis-

113 1018 209 1079 simum
230 1034 258 1082 et
282 1024 431 1082 boccum
453 1043 590 1083 mensura
608 1034 754 1099 gustaret:
782 1024 863 1100 quod
885 1023 1023 1084 uidelicet
1044 1023 1090 1082 lac

113 1115 195 1189 pridie
208 1137 317 1178 nouum
330 1118 361 1177 in
375 1121 443 1178 fiala
460 1138 570 1195 ponere
588 1121 710 1190 solebat,
726 1130 755 1178 et
768 1131 835 1196 post
855 1129 975 1181 noctem
994 1119 1092 1177 ablata

75 1232 102 1268 10
113 1215 251 1288 superficie
268 1215 407 1275 crassiore
421 1215 485 1292 ipse
501 1216 651 1276 residuum
671 1235 739 1275 cunr
757 1217 885 1288 modico,
906 1227 938 1275 ut
956 1215 1090 1287 diximus,

113 1327 180 1382 pane
196 1310 322 1372 bibebat.
364 1313 447 1372 euius
467 1315 590 1373 modum
610 1313 809 1373 continentiae
831 1313 917 1372 etiam
940 1312 969 1370 xl
988 1310 1092 1370 diebus

113 1417 172 1466 ante
185 1410 279 1467 natale
294 1408 415 1480 domini,
438 1409 564 1468 totidem
583 1427 700 1485 quoque
718 1419 785 1484 post
804 1419 921 1484 peracta
940 1403 1092 1466 sollemnia

114 1515 296 1576 pentecostes,
311 1505 369 1564 hoc
383 1516 428 1564 est
441 1506 507 1578 lm,
522 1524 637 1582 semper
651 1506 805 1566 obseruare
820 1506 945 1564 curabat

529 1739 669 1797 XXVIII

77 1884 101 1940 15
119 1871 315 1992 INTEREA
334 1893 386 1932 rex
405 1873 538 1952 Alchfrid
558 1871 637 1931 misit
657 1871 814 1931 Vilfridum
834 1871 1033 1948 presbyterum
1054 1870 1094 1928 ad

164 1988 260 2044 regem
275 1970 444 2042 Galliarum,
460 1970 512 2046 qui
525 1988 593 2029 eum
608 1969 664 2029 sibi
678 1969 794 2044 suisque
808 1967 970 2026 consecrari
985 1968 1093 2024 faceret

115 2062 283 2140 episcopum.
326 2065 418 2125 atille
432 2065 511 2124 misit
529 2084 597 2124 eum
614 2064 811 2148 ordinandum
825 2065 863 2122 ad
877 2062 1094 2138 Agilberectum

114 2157 146 2216 de
159 2179 217 2234 quo
231 2180 318 2237 supra
331 2161 466 2233 diximus
484 2161 535 2237 qui
551 2161 653 2220 relicta
667 2159 806 2218 Brittania
821 2158 980 2217 Parisiacae
996 2155 1095 2215 ciuita-

114 2254 145 2312 tis
164 2258 254 2317 factus
276 2268 338 2316 erat
365 2249 536 2333 episcopus:
568 2269 597 2316 et
621 2267 807 2315 consecratus
829 2265 873 2314 est
895 2273 1002 2328 magno
1026 2273 1094 2312 cum

77 2351 216 2411 20honore
236 2353 273 2411 ab
294 2352 366 2428 ipso,
389 2352 632 2412 conuenientibus
652 2351 783 2428 plurimis
808 2350 952 2429 episcopis
976 2349 1006 2407 in
1029 2349 1096 2410 uico

114 2446 185 2521 regio
199 2448 249 2522 qui
262 2459 385 2506 uocatur
398 2451 435 2506 In
447 2449 632 2524 Conpendio.
670 2467 729 2524 quo
743 2448 841 2506 adhuc
855 2447 885 2504 in
900 2445 1095 2504 transmarinis

114 2546 234 2618 partibus
257 2558 376 2622 propter
398 2547 612 2607 ordinationem
635 2548 816 2616 demorante,
842 2543 971 2601 imitatus
998 2541 1097 2599 indus-

115 2643 190 2702 triam
216 2644 268 2703 filii
294 2665 346 2704 rex
369 2645 463 2707 Osuiu
490 2644 567 2704 misit
592 2643 729 2704 Cantiam
756 2641 851 2700 uirum
879 2649 1012 2698 sanctum
1037 2657 1097 2696 mo-

115 2738 223 2799 destum
233 2741 363 2800 moribus
377 2735 581 2817 scripturarum
594 2738 720 2798 lectione
735 2735 910 2795 sufficienter
923 2732 1096 2798 instructum

78 2846 103 2903 ²5
115 2847 141 2894 et
156 2857 191 2896 ea
208 2858 284 2922 quae
304 2839 335 2897 in
352 2836 500 2914 scripturis
517 2837 633 2913 agenda
651 2834 792 2894 didicerat
812 2830 949 2907 operibus
968 2831 1098 2889 sollerter

115 2945 325 3009 exsequentem,
345 2933 396 3010 qui
415 2931 608 2992 Eburacensis
626 2929 767 2990 ecclesiae
789 2927 971 2987 ordinaretur
988 2923 1098 3000 episco-

115 3046 171 3101 pus.
220 3040 282 3088 erat
303 3039 402 3088 autem
425 3029 576 3104 presbyter
596 3024 743 3085 uocabulo
766 3023 888 3083 Ceadda
912 3022 998 3079 frater
1018 3036 1098 3076 reue-

114 3124 262 3182 rentissimi
288 3123 423 3183 antistitis
452 3123 557 3195 Ceddi,
584 3122 667 3182 cuius
701 3120 817 3195 saepius
843 3117 1040 3188 meminimus
1068 3125 1098 3174 et

115 3217 199 3276 abbas
212 3217 379 3278 monasterii
394 3218 471 3276 illius
487 3219 569 3293 quod
582 3228 704 3276 uocatur
717 3214 919 3290 Laestingaeu.
961 3210 1098 3286 misitque

77 3321 178 3374 lOcum
199 3334 235 3374 eo
256 3334 307 3376 rex
328 3316 529 3392 presbyterum
548 3333 634 3373 suum
656 3312 802 3372 uocabulo
822 3308 1023 3379 Eadhaedum,
1047 3305 1098 3382 qui

363 3439 385 3472 ¹³
405 3441 477 3490 Osuio
487 3457 533 3489 ms.
640 3438 662 3470 ¹⁸
679 3437 786 3486 antistiti
795 3451 839 3484 ms.

192 3556 219 3596 n.
1000 3529 1017 3584 6
