2592 3834
141 224 177 306 3]
225 241 401 289 DECREES
421 240 470 290 OF
491 239 564 293 THE
584 238 711 287 SYNOD
734 238 782 286 OF
797 235 1029 302 HERUTFORD.
1077 237 1131 295 ¹03

206 365 383 442 ‘Quintumz
411 366 474 424 “Vt
494 366 591 424 nullus
610 362 782 424 clericorum
800 363 967 438 relinquens
984 363 1133 440 proprium

144 460 315 538 episcopum
332 458 440 536 passim
458 459 590 536 quolibet
607 459 757 532 discurrat,
777 477 874 535 neque
888 458 994 518 alicubi
1013 457 1134 518 ueniens

144 558 256 631 absque
290 553 542 614 commendaticiis
575 553 676 614 litteris
704 553 749 612 sui
778 553 918 631 praesulis
952 553 1132 629 suscipiatur.

132 654 226 728 ¹quod
240 651 265 710 si
278 653 378 711 semel
389 662 539 727 susceptus
559 651 685 711 noluerit
703 650 841 711 inuitatus
859 650 962 723 redire,
977 662 1007 710 et
1021 670 1136 729 suscep·

112 762 132 822 5
146 758 192 807 tor
204 757 234 806 et
246 747 271 806 is
287 747 338 823 qui
354 758 506 822 susceptus
521 756 565 805 est
578 741 874 814 excommunicationi
888 745 1075 806 subiacebit.’'

206 846 359 903 ‘Sextum:
382 845 449 902 “Vt
470 842 600 919 episcopi
619 853 708 918 atque
730 841 828 900 clerici
843 840 986 917 peregrini
1004 841 1135 902 contenti

145 939 203 1000 sint
215 939 420 1015 hospitalitatis
434 958 554 998 munere
565 939 675 1011 oblato,
686 938 817 1014 nullique
829 957 929 998 eorum
944 938 1030 998 liceat
1043 941 1134 999 ullum

145 1033 273 1093 officium
291 1035 470 1093 sacerdotale
489 1036 600 1110 absque
619 1034 762 1111 permissu
776 1033 910 1111 episcopi
926 1035 956 1094 in
972 1033 1055 1094 cuius
1071 1054 1135 1112 pan

145 1129 245 1189 rochia
258 1149 322 1189 esse
336 1130 522 1206 cognoscitur
535 1131 646 1206 agere.'’
1064 1201 1066 1204 Ι

2 1266 5 1279 .
92 1246 133 1284 ιο
206 1223 406 1301 ‘Septimumz
428 1225 496 1284 “Vt
508 1224 553 1284 bis
567 1225 598 1284 in
611 1245 691 1284 anno
705 1226 833 1302 synodus
848 1235 1047 1302 congregetur.
1083 1226 1135 1285 sed

146 1319 215 1397 quia
241 1321 374 1381 diuersae
396 1341 502 1380 causae
527 1321 690 1398 inpediunt,
713 1321 822 1398 placuit
844 1321 980 1380 omnibus
1002 1322 1032 1380 in
1057 1341 1135 1382 corn-

146 1433 243 1488 mune‚
263 1426 296 1474 ut
316 1417 449 1475 kalendis
470 1417 610 1494 Augustis
634 1415 665 1474 in
687 1418 754 1475 loco
773 1414 824 1492 qui
844 1418 1008 1493 appellatur
1026 1419 1136 1478 Clofes-

146 1510 225 1569 hoch
238 1512 329 1570 semel
343 1511 374 1569 in
387 1530 466 1570 anno
480 1511 717 1588 congregemur.'’

207 1608 393 1667 ‘Octauum:
415 1609 482 1667 “Vt
501 1608 597 1665 nullus
615 1607 821 1682 episcoporum
840 1626 871 1665 se
891 1608 1034 1683 praeferat
1052 1596 1134 1670 alteri

93 1726 129 1783 15
145 1720 199 1777 per
217 1702 419 1775 ambitionem,
440 1704 493 1763 sed
514 1720 616 1762 omnes
638 1712 800 1778 agnoscant
822 1713 936 1778 tempus
954 1712 984 1760 et
1001 1701 1134 1762 ordinem

145 1798 380 1874 congregationis
394 1800 491 1858 suae.''
839 1799 841 1802 ’

207 1898 347 1956 ‘Nonum
371 1895 532 1971 capitulum
555 1895 587 1955 in
608 1914 765 1955 commune
789 1905 943 1955 tractatum
971 1907 1032 1955 est:
1068 1897 1135 1954 “Vt

145 1991 244 2068 'plures
258 1990 388 2068 episcopi
405 2001 554 2051 crescente
571 2010 694 2050 numero
708 1989 838 2050 fidelium
852 2000 1024 2066 augerentur
1032 1989 1061 2060 ‚·''
1083 1988 1135 2046 sed

145 2090 185 2149 de
199 2089 254 2146 hac
267 2108 298 2147 re
312 2088 350 2146 ad
364 2107 502 2163 praesens
516 2086 655 2148 siluimus.

93 2213 132 2250 20
208 2183 384 2244 ‘Decimum
408 2183 569 2259 capitulum
589 2202 644 2260 pro
668 2181 828 2258 coniugiis:
859 2184 930 2242 “Vt
953 2181 1026 2242 nulli
1050 2181 1136 2242 liceat

145 2279 203 2340 nisi
226 2280 387 2358 legitimum
411 2281 518 2340 habere
542 2278 709 2339 conubium.
751 2280 848 2338 nullus
870 2277 1015 2338 incestum
1039 2271 1134 2350 faciat,

145 2380 243 2438 nullus
270 2377 426 2454 coniugem
453 2375 608 2453 propriam,
639 2375 695 2434 nisi
722 2384 756 2434 ut
783 2385 916 2432 sanctum
949 2373 1134 2450 euangelium

146 2475 235 2534 docet
261 2473 459 2534 somicationis
486 2492 583 2546 causa,
610 2471 763 2546 relinquat.
819 2471 900 2546 quod
928 2469 952 2528 si
980 2469 1135 2545 quisquam

145 2570 293 2648 propriam
306 2569 447 2646 expulerit
466 2568 621 2645 coniugem
637 2566 769 2644 legitimo
789 2565 844 2625 sibi
862 2564 1048 2624 matrimonio
1067 2584 1135 2625 con-

93 2688 130 2746 ²5
146 2666 285 2738 iunctam,
314 2664 338 2724 si
365 2665 546 2726 Christianus
575 2683 639 2724 esse
668 2674 747 2722 recte
776 2661 909 2734 uoluerit,
948 2660 1022 2720 nulli
1055 2660 1137 2720 alteri

144 2764 300 2838 copuletur
306 2783 316 2837 ;
353 2763 406 2822 sed
433 2761 474 2820 ita
500 2770 670 2838 permaneat
696 2771 747 2820 aut
773 2759 907 2836 propriae
934 2757 1136 2819 reconcilietur

145 2856 291 2934 coniugi'’

208 2952 284 3014 ‘His
303 2953 402 3030 itaque
420 2948 555 3030 capitulis
572 2950 604 3012 in
622 2970 780 3012 commune
798 2947 926 3010 tractatis
946 2968 982 3008 ac
1000 2948 1135 3022 definitis,

144 3060 179 3109 ut
195 3032 309 3108 nulluni
327 3049 466 3125 deinceps
485 3049 524 3108 ab
542 3046 640 3123 aliquo
658 3057 791 3106 nostrum
810 3044 918 3104 oriatur
939 3043 1136 3104 contentionis

90 3167 133 3223 30
146 3144 318 3204 scandalum
331 3155 382 3204 aut
395 3145 452 3203 alia
464 3164 518 3220 pro
532 3142 596 3202 aliis
614 3141 840 3218 diuulgarentur,
860 3137 971 3216 placuit
989 3148 1030 3209 ut,
1051 3156 1136 3212 quae-

145 3257 205 3314 que
232 3239 353 3298 definita
378 3249 454 3310 sunt,
486 3235 687 3314 unusquisque
713 3246 845 3295 nostrum
872 3253 976 3293 manus
1004 3233 1136 3309 propriae

145 3335 360 3412 subscriptione
387 3322 579 3397 confirmaret.
632 3352 721 3410 quam
748 3329 922 3391 sententiam
957 3327 1136 3390 definitionis

476 3447 487 3480 ⁶
503 3446 746 3496 excommunicatione
756 3461 802 3492 ms.
