2592 3834
138 245 277 328 (19)=17]
293 261 575 323 AEDILTHRYDA,
593 260 691 311 mne
704 257 896 310 nccanro’s
912 239 1048 322 quanin
1070 255 1124 318 127

542 484 697 571 [xvrrn]

204 646 357 708 CCEPIT
380 655 478 705 autern
497 662 549 703 rex
567 641 686 718 Ecgfrid
708 639 864 720 coniugem
887 639 1008 704 nomine
1029 639 1129 701 Aedil·

224 745 367 820 thryrlam,
395 740 484 799 filiam
511 741 601 798 Anna
626 737 702 814 regis
730 736 922 798 Orientalium
955 739 1128 814 Anglorum,
1214 729 1217 744 ¹

141 843 223 903 cuius
236 841 351 917 saepius
364 839 545 898 mentionem
563 836 693 909 fecimus,
714 834 769 894 uiri
789 837 866 894 bene
884 833 1010 911 religiosi
1028 853 1064 893 ac
1076 852 1130 910 per

111 940 242 1026 5omnia
264 948 363 997 mente
385 945 415 996 et
439 953 527 1009 opere
550 931 673 1008 egregii:
703 949 791 1008 quam
814 941 843 990 et
866 932 940 990 alter
960 941 1029 991 ante
1046 930 1129 990 illum

143 1035 187 1094 uir
204 1036 345 1093 habuerat
366 1048 495 1101 uxorem,
515 1027 652 1105 princeps
673 1026 810 1086 uidelicet
834 1024 1003 1084 australium
1027 1022 1131 1086 Gurui·

143 1151 227 1193 orum
249 1130 394 1190 uocabulo
416 1128 596 1186 Tondberct.
638 1125 692 1183 sed
718 1123 769 1182 illo
795 1135 862 1198 post
888 1120 1039 1181 modicum
1058 1131 1131 1182 tem·

142 1228 221 1305 poris
234 1248 272 1287 ex
288 1245 348 1302 quo
366 1243 432 1285 eam
450 1221 563 1298 accepit
580 1221 727 1292 defuncto,
750 1221 819 1278 data
839 1229 883 1278 est
903 1217 963 1294 regi
982 1219 1131 1294 praelato:

143 1323 226 1382 cuius
253 1319 401 1381 consortio
427 1338 496 1378 cum
522 1316 562 1376 xii
585 1315 670 1376 annis
696 1325 832 1385 uteretur,
860 1325 1002 1389 perpetua
1032 1326 1131 1374 tamen

94 1445 131 1483 10
143 1417 251 1477 mansit
272 1414 445 1493 uirginitatis
468 1412 633 1490 integritate
654 1410 796 1488 gloriosa:
818 1411 893 1470 sicut
915 1410 1047 1472 mihimet
1064 1412 1132 1472 scis

144 1514 254 1585 citanti,
270 1533 339 1572 cum
351 1514 411 1573 hoc
423 1531 462 1571 an
476 1510 517 1570 ita
531 1519 607 1569 esset
621 1507 797 1584 quibusdam
811 1506 938 1566 uenisset
955 1506 985 1566 in
1000 1507 1131 1582 dubium,

143 1614 249 1672 beatae
275 1609 434 1669 memoriae
467 1606 573 1666 Vilfrid
606 1604 761 1681 episcopus
794 1605 944 1676 referebat,
973 1602 1074 1664 dicens
1100 1625 1132 1665 se

144 1718 249 1766 testem
263 1703 435 1780 integritatis
449 1701 512 1761 eius
526 1720 590 1761 esse
608 1699 818 1759 certissimum:
839 1700 915 1758 adeo
933 1707 965 1757 ut
980 1697 1132 1774 Ecgsridus

144 1800 308 1878 promiserit
326 1820 357 1860 se
376 1799 403 1860 ei
421 1810 511 1859 terras
527 1817 563 1856 ac
580 1795 720 1873 pecunias
737 1797 843 1854 multas
860 1814 923 1854 esse
948 1783 1131 1866 donaturum,

96 1916 130 1976 15
145 1899 169 1958 si
191 1898 307 1974 reginae
322 1907 422 1974 posset
442 1895 617 1971 persuadere
637 1892 700 1951 eius
720 1890 762 1951 uti
782 1890 919 1965 conubio,
935 1890 1003 1968 quia
1023 1891 1133 1951 sciebat

145 1997 225 2054 illam
252 1997 365 2053 nullum
386 1993 515 2052 uirorum
537 1991 603 2067 plus
621 1988 673 2049 illo
694 1988 819 2064 diligere.
862 2007 918 2048 nec
940 1989 1133 2048 diffidendum

148 2103 192 2150 est
205 2102 304 2151 nostra
318 2089 406 2149 etiam
420 2099 515 2148 aetate
529 2087 590 2147 fieri
604 2086 742 2163 potuisse,
756 2085 835 2161 quod
849 2104 925 2144 aeuo
938 2086 1134 2161 praecedente

147 2187 302 2263 aliquoties
325 2188 435 2244 lactum
459 2185 561 2243 fideles
583 2181 722 2241 historiae
750 2195 884 2242 narrant:
916 2183 1046 2242 donante
1072 2202 1134 2243 uno

148 2284 313 2358 eodemque
328 2280 458 2353 domino,
473 2279 525 2356 qui
543 2299 575 2338 se
592 2278 747 2337 nobiscum
767 2297 859 2353 usque
877 2277 908 2336 in
922 2280 1010 2337 finem
1025 2277 1134 2337 saeculi

98 2396 135 2433 20
148 2397 266 2436 manere
279 2378 438 2453 pollicetur.
479 2395 550 2434 nam
568 2374 656 2434 etiam
675 2373 788 2450 signum
808 2373 900 2433 diuini
921 2373 1058 2446 miraculi,
1073 2393 1135 2450 quo

148 2475 280 2535 eiusdem
300 2473 426 2534 feminae
447 2473 560 2549 sepulta
578 2490 646 2530 caro
665 2471 810 2546 corrumpi
827 2491 885 2531 non
906 2470 1010 2548 potuit,
1025 2469 1135 2531 indicio

148 2583 192 2632 est
206 2572 275 2647 quia
288 2590 306 2629 a
319 2568 374 2628 uiri
387 2579 525 2628 contactu
538 2567 704 2643 incorrupta
718 2567 872 2627 durauerit.

209 2669 293 2742 Quae
306 2666 432 2724 multum
447 2664 498 2723 diu
511 2681 609 2738 regem
622 2663 781 2739 postulans,
792 2673 824 2720 ut
835 2662 942 2721 saeculi
957 2682 1040 2721 curas
1053 2664 1136 2723 relin-

149 2780 238 2837 quere
252 2772 340 2836 atque
353 2759 385 2818 in
398 2757 574 2817 monasterio
592 2767 706 2816 tantum
725 2775 796 2815 uero
814 2756 874 2832 regi
894 2757 1011 2817 Christo
1028 2759 1136 2818 seruire

99 2876 134 2934 25
149 2855 368 2932 permitteretur,
383 2853 435 2935 ubi
452 2852 502 2911 uix
520 2851 680 2928 aliquando
700 2851 864 2927 inpetrauit,
884 2852 1002 2912 intrauit
1019 2871 1136 2912 monas-

149 2953 254 3013 terium
280 2952 393 3011 Aebbae
419 2950 583 3010 abbatissae
604 2967 681 3024 quae
703 2960 764 3007 erat
788 2947 877 3008 amita
898 2950 973 3026 regis
997 2951 1135 3026 Ecglridi,

149 3047 277 3124 positum
307 3046 339 3104 in
365 3047 433 3105 loco
451 3064 540 3121 quem
562 3043 671 3105 Coludi
693 3044 804 3103 Vrbem
827 3043 988 3118 nominant,
1013 3057 1137 3122 accepto

150 3143 294 3204 uelamine
309 3140 537 3203 sanctimonialis
550 3139 666 3199 habitus
680 3160 697 3198 a
710 3141 842 3216 praefato
860 3143 988 3204 antistite
999 3142 1134 3204 vilfrido.

148 3252 216 3318 post
237 3261 348 3301 anuum
373 3258 445 3300 uero
460 3238 525 3314 ipsa
541 3238 619 3295 sacta
636 3248 680 3297 est
701 3238 850 3298 abbatissa
868 3240 898 3299 in
921 3240 1040 3317 regione
1062 3261 1138 3318 quae

96 3341 137 3398 30
149 3348 272 3398 uocatur
304 3338 396 3413 Elge3
425 3335 477 3395 ubi
505 3344 675 3395 constructo
702 3333 882 3396 monasterio
908 3335 1054 3413 uirginum
1081 3338 1141 3397 deo

557 3459 569 3494 ²
584 3461 673 3511 XVII
678 3476 724 3510 ms.
