2592 3834
182 243 219 315 3⁶
426 254 616 303 MJRACLES
635 254 692 302 Ar
712 253 788 301 ram
808 252 929 302 araca
1105 231 1173 316 [ΙΙΙ

239 384 333 444 ‘Cuius
355 394 466 460 quanta
483 383 528 443 uis
549 383 579 442 in
600 385 690 444 deum
709 402 785 459 quae
806 381 927 441 deuotio
947 379 1056 441 mentis
1075 379 1173 457 fuerit,

182 480 272 540 etiam
290 491 358 556 post
378 494 502 539 mortem
522 480 662 540 uirtutum
680 479 826 539 miraculis
844 478 953 538 claruit
997 497 1126 554 namque
1141 478 1174 538 in

182 578 249 635 loco
263 576 314 634 ubi
328 595 380 652 pro
394 577 487 652 patria
500 576 644 636 dimicans
658 595 677 634 a
690 574 811 652 paganis
827 574 994 634 interfectus
1009 583 1062 647 est,
1076 592 1175 649 usque

182 671 270 730 hodie
293 671 432 731 sanitates
454 671 635 731 infirmorum
661 682 690 731 et
714 670 866 731 hominum
889 682 918 730 et
939 690 1078 747 pecorum
1098 673 1173 731 cele

182 767 259 828 brari
277 787 339 827 non
358 768 503 828 desinunt.
545 770 625 828 unde
644 768 767 845 contigit
783 778 816 827 ut
834 770 985 844 puluerem
1004 767 1102 843 ipsum
1119 768 1175 827 ubi
1215 772 1233 831 5

182 882 289 940 corpus
309 862 370 923 eius
385 863 413 921 in
434 876 539 924 terram
558 865 675 924 conruit
692 864 777 924 multi
795 866 958 923 auferentes
973 864 1047 923 etin
1063 883 1175 940 aquam

182 959 331 1019 mittentes
346 959 404 1018 suis
418 980 470 1036 per
484 963 557 1020 haec
571 960 692 1020 infirmis
708 962 834 1019 multum
851 960 1000 1019 commodi
1017 962 1174 1021 adferrent.

183 1057 232 1134 qui
247 1057 385 1116 uidelicet
399 1077 464 1117 mos
478 1058 554 1117 adeo
569 1056 735 1129 increbruit,
751 1067 784 1115 ut
801 1057 941 1132 paulatim
956 1058 1052 1116 ablata
1065 1057 1176 1117 exinde

182 1167 258 1215 terra
274 1154 382 1212 fossam
401 1155 439 1213 ad
456 1172 621 1213 mensuram
641 1163 768 1211 staturae
786 1151 876 1210 uirilis
895 1154 984 1211 altam
1003 1153 1174 1213 reddiderit

182 1268 238 1307 nec
248 1248 412 1307 mirandum
424 1247 454 1305 in
465 1249 532 1307 loco
543 1246 645 1307 mortis
657 1247 732 1307 illius
743 1248 872 1306 infirmos
883 1246 986 1321 sanari,
996 1247 1047 1323 qui
1058 1267 1177 1323 semper
1195 1261 1234 1298 10

183 1347 253 1405 dum
282 1334 394 1404 uiueret
421 1344 540 1403 infirmis
562 1355 592 1403 et
611 1343 788 1420 pauperibus
816 1346 969 1404 consulere
997 1344 1176 1420 elimosynas

183 1444 253 1501 dare
274 1462 363 1518 opem
384 1444 456 1502 serre
477 1456 538 1501 non
559 1442 701 1500 cessabat
745 1452 775 1499 et
795 1442 886 1499 multa
913 1441 1033 1516 quidem
1054 1440 1084 1499 in
1106 1442 1177 1502 loco

183 1540 233 1597 illo
254 1540 302 1597 uel
323 1540 360 1598 de
382 1541 501 1614 puluere
522 1537 580 1595 loci
600 1536 677 1594 illius
697 1537 775 1594 facta
793 1535 934 1595 uirtutum
952 1536 1093 1595 miracula
1111 1555 1178 1594 uar-

183 1644 300 1706 rantur3
327 1635 380 1692 sed
401 1653 455 1692 nos
477 1634 536 1691 duo
557 1642 672 1691 tantum
694 1650 770 1707 quae
790 1650 809 1689 a
828 1630 986 1690 maioribus
1006 1629 1177 1690 audiuimus

183 1730 287 1788 referre
302 1728 371 1786 satis
386 1727 532 1786 duximus.
1193 1748 1230 1806 15

245 1827 316 1883 Non
344 1824 437 1882 multo
464 1834 532 1899 post
559 1820 791 1881 intersectionem
820 1820 882 1879 eius
911 1830 1014 1879 exacto
1041 1829 1178 1895 tempore

185 1920 306 1995 contigit
331 1929 363 1977 ut
385 1918 506 1993 quidam
534 1936 610 1993 equo
638 1917 744 1976 sedens
767 1916 821 1974 iter
844 1917 925 1974 iuxta
951 1916 1049 1973 locum
1076 1924 1178 1990 ageret

185 2018 284 2089 illum;
314 2015 396 2073 cuius
418 2033 510 2089 equus
532 2013 629 2072 subito
657 2014 813 2072 lassescere
841 2012 1001 2072 consistere
1027 2023 1118 2088 caput
1145 2012 1179 2070 in

185 2123 290 2170 terram
318 2110 465 2169 declinare
493 2128 611 2184 spumas
635 2128 673 2167 ex
694 2128 744 2168 ore
772 2108 926 2168 demittere
948 2118 978 2165 et
999 2118 1178 2182 augescente

186 2208 286 2265 dolore
314 2205 405 2264 nimio
430 2204 462 2262 in
489 2215 595 2262 terram
623 2203 721 2278 coepit
747 2222 839 2261 ruere.
882 2200 1000 2261 desiluit
1027 2220 1119 2275 eques
1147 2214 1179 2261 et
1193 2228 1234 2264 20

185 2304 324 2361 stramine
350 2303 496 2360 substrato
520 2298 618 2374 coepit
642 2308 796 2373 expectare
820 2289 921 2356 horam
944 2317 1004 2373 qua
1023 2308 1075 2356 aut
1097 2298 1180 2357 meli·

186 2411 300 2457 oratum
321 2396 463 2472 reciperet
487 2394 652 2453 iumentum
675 2404 726 2452 aut
749 2394 924 2469 relinqueret
947 2403 1103 2453 mortuum.
1147 2384 1180 2450 at

186 2496 282 2571 ipsum
304 2494 356 2553 diu
379 2492 460 2569 graui
484 2493 586 2551 dolore
608 2501 755 2561 uexatum,
780 2509 848 2547 cum
870 2488 1000 2548 diuersas
1024 2489 1055 2546 in
1080 2499 1179 2564 partes

187 2610 219 2649 se
244 2599 401 2665 torqueret,
426 2598 547 2663 repente
566 2585 730 2644 uolutando
754 2583 873 2643 deuenit
897 2583 928 2641 in
949 2583 1021 2641 illud
1038 2582 1104 2666 loci
1126 2582 1179 2642 ubi

187 2708 237 2747 rex
258 2685 455 2744 memorabilis
480 2682 625 2742 occubuit
681 2700 738 2740 nec
762 2700 852 2748 mora,
881 2680 1050 2756 quiescente
1075 2679 1179 2740 dolore
1194 2705 1209 2740 2
1214 2702 1232 2760 5

188 2782 320 2841 cessabat
355 2760 392 2838 ab
426 2778 536 2837 insanis
570 2778 768 2836 membrorum
806 2774 935 2835 motibus
970 2786 1000 2835 et
1033 2789 1179 2837 consueto
1281 2773 1282 2780 '

188 2880 330 2952 equorum
353 2893 434 2934 more
457 2871 540 2948 quasi
561 2882 629 2948 post
652 2870 855 2930 lassitudinem
877 2870 907 2929 in
930 2870 1079 2929 diuersum
1103 2873 1180 2932 latus

187 2973 316 3032 uicissim
330 2990 395 3030 sese
408 2971 535 3040 uoluere,
556 2966 712 3042 statimque
730 2984 886 3042 exsurgens
903 2965 986 3042 quasi
1005 2986 1111 3025 sanum
1128 2988 1183 3045 per

187 3068 295 3141 omnia,
311 3067 421 3125 uirecta
434 3065 589 3123 herbarum
603 3061 718 3121 auidius
733 3080 851 3136 carpere
866 3060 972 3136 coepit.

249 3166 317 3239 Quo
345 3163 394 3221 ille
416 3160 480 3220 uiso
503 3170 536 3219 ut
558 3158 603 3217 uir
626 3156 739 3234 sagacis
765 3156 875 3233 ingenii
902 3157 1045 3217 intellexit
1067 3158 1181 3235 aliquid
1194 3182 1233 3237 30

188 3262 278 3321 mirae
303 3258 464 3319 sanctitatis
487 3256 555 3316 huic
576 3258 644 3315 loco
667 3274 727 3330 quo
749 3274 841 3329 equus
864 3266 908 3314 est
926 3266 1043 3314 curatus
1064 3255 1182 3328 inesse;

189 3369 219 3417 et
240 3355 338 3432 posito
360 3353 401 3413 ibi
423 3354 507 3429 signo
529 3370 590 3410 uon
608 3350 702 3408 multo
720 3359 788 3425 post
808 3348 943 3406 ascendit
961 3343 1072 3424 equum
1091 3358 1182 3423 atque

143 3455 145 3459 ’
222 3469 287 3518 lm&
298 3485 343 3518 ms.
358 3466 466 3531 fidesC1.
517 3463 706 3527 ⁷adserentms.
757 3458 778 3490 ¹²
795 3460 914 3508 subtracto
923 3476 969 3509 ms.
985 3460 1105 3509 substrato
1117 3457 1159 3511 (ζ’.
