2592 3834
124 271 161 349 9]
319 282 543 333 Aanrtorrrc.
590 281 771 333 osWArn’s
788 284 931 337 DEATII.
1083 278 1139 347 35'

126 412 228 489 magis
255 422 321 489 post
346 422 472 471 mortem
499 410 609 471 claruit
663 428 732 468 cum
759 410 838 471 enim
866 421 943 472 esset
962 411 1120 485 abbatissa,

125 508 233 585 coepit
265 510 361 567 facere
387 506 419 565 in
449 506 628 566 monasterio
656 526 710 565 suo
737 508 892 567 ecclesiam
919 509 951 567 in
977 510 1120 569 honorem

124 604 265 665 omnium
272 604 483 681 apostolorum,
493 602 524 661 in
539 621 598 678 qua
611 622 697 661 suum
711 622 817 679 corpus
831 604 957 680 sepelliri
971 605 1118 682 cupiebat

126 700 185 761 sed
209 719 276 761 cum
304 718 379 776 opus
402 698 483 759 idem
505 698 545 759 ad
569 698 701 758 medium
723 701 814 759 ferme
837 710 914 760 esset
934 702 1117 777 perductum,

87 796 180 885 5illa
203 814 243 855 ne
263 795 322 854 hoc
344 794 496 871 perficeret
523 804 617 853 morte
641 805 795 869 praerepta
815 804 860 853 est
888 805 917 854 et
936 794 968 854 in
987 794 1053 871 ipso
1073 816 1119 857 ec·

126 890 238 951 clesiae
260 892 329 949 loco
351 890 401 949 ubi
423 888 611 949 desiderabat
633 889 761 947 condita
803 900 871 964 post
891 888 976 949 cuius
995 902 1120 951 mortem

125 988 267 1048 fratribus
286 988 343 1047 alia
363 986 456 1063 magis
476 984 656 1055 curantibus,
683 983 879 1043 intermissum
900 998 945 1045 est
964 987 1023 1045 hoc
1043 989 1120 1047 aedi·

125 1084 231 1143 ficium
258 1081 343 1141 annis
370 1080 419 1141 uii.
445 1082 553 1157 quibus
580 1079 736 1155 completis
764 1090 928 1140 statuerunt
956 1084 995 1141 ob
1019 1082 1121 1143 nimie·

127 1192 224 1241 tatem
250 1178 358 1240 laboris
386 1176 472 1236 huius
502 1187 676 1246 structuram
709 1175 852 1236 ecelesiae
877 1177 1009 1237 funditus
1035 1180 1121 1239 relin-

66 1307 109 1343 10
127 1296 230 1352 quere,
256 1293 322 1334 ossa
344 1293 417 1333 uero
437 1272 602 1331 abbatissae
623 1272 674 1331 illo
694 1273 732 1331 de
752 1274 821 1332 loco
841 1273 957 1333 eleuata
976 1274 1008 1333 in
1031 1276 1119 1335 aliam

127 1370 287 1433 ecclesiam
311 1389 388 1445 quae
409 1380 487 1427 esset
513 1370 642 1444 perfecta
665 1388 700 1427 ac
724 1369 862 1428 dedicata
885 1374 1047 1433 transferre.
1089 1386 1120 1435 et

127 1466 295 1544 aperientes
310 1464 495 1539 sepulchrum
510 1461 572 1521 eius
586 1462 626 1520 ita
640 1461 846 1522 intemeratum
859 1483 966 1541 corpus
979 1466 1119 1528 inuenere

126 1573 161 1621 ut
183 1580 202 1618 a
220 1558 407 1633 corruptione
428 1556 685 1630 concupiscentiae
705 1557 830 1615 carnalis
850 1570 912 1619 erat
931 1559 1051 1621 inmune
1060 1583 1070 1635 3
1089 1575 1119 1622 et

125 1659 170 1717 ita
186 1658 285 1717 denuo
304 1656 397 1715 lotum
412 1664 501 1729 atque
519 1652 583 1712 aliis
604 1653 738 1712 uestibus
756 1653 892 1714 indutum
910 1659 1118 1719 transtulerunt

68 1782 105 1837 15
126 1753 203 1813 illud
222 1750 253 1809 iu
273 1748 427 1809 ecclesiam
446 1746 525 1807 beati
546 1748 688 1824 Stephani
706 1748 856 1825 martyris;
877 1750 958 1810 cuins
979 1752 1118 1813 uidelicet

124 1847 235 1907 natalis
262 1844 304 1904 ibi
328 1846 404 1903 solet
427 1843 458 1901 in
482 1862 589 1920 magna
615 1843 710 1920 gloria
735 1844 874 1903 celebrari
901 1845 950 1907 die
973 1866 1117 1907 nouarum

126 1943 279 2002 luliarum.

570 2120 669 2179 VIIII

196 2257 386 2315 EGNAVIT
403 2266 501 2315 autem
515 2256 630 2316 Osuald
644 2254 906 2317 Christianissimus
919 2276 970 2316 rex
984 2260 1118 2319 Nordan·

72 2389 110 2425 20
221 2351 410 2427 hymbrorum
423 2349 486 2408 uiiii
499 2349 592 2423 annis,
607 2351 800 2411 adnumerato
814 2352 902 2412 etiam
920 2352 972 2413 illo
985 2372 1073 2429 quem
1087 2366 1117 2414 et

125 2445 223 2504 feralis
251 2445 387 2521 impietas
413 2444 489 2521 regis
517 2448 692 2505 Brettouum
714 2457 744 2505 et
765 2446 912 2523 apostasia
932 2447 1055 2508 demens
1075 2468 1117 2508 re

125 2562 196 2617 gum
214 2543 379 2619 Anglorum
406 2542 612 2603 detestabilem
638 2544 755 2602 fecerat
797 2542 943 2619 siquidem
970 2556 1004 2606 ut
1030 2564 1117 2622 supra

127 2638 283 2698 docuimus
313 2638 456 2699 unanimo
488 2638 621 2698 omnium
655 2659 801 2699 consensu
835 2642 982 2700 firmatum
1012 2652 1057 2701 est
1084 2653 1116 2701 ut

125 2754 236 2794 nomen
251 2745 281 2794 et
294 2735 437 2793 memoria
449 2744 648 2810 apostatarum
662 2736 701 2795 de
714 2737 849 2811 catalogo
863 2754 965 2812 regum
979 2736 1116 2799 Christia-

80 2849 111 2906 ²5
126 2850 230 2889 norum
251 2850 369 2907 prorsus
387 2831 498 2897 aboleri
518 2831 638 2891 deberet
656 2849 754 2906 neque
773 2831 879 2907 aliquis
901 2843 992 2909 regno
1013 2854 1115 2894 eorum

127 2945 219 2985 annus
238 2926 381 2986 adnotari.
424 2945 484 3002 quo
502 2927 652 3003 completo
672 2945 816 2986 annorum
836 2928 980 2989 curriculo
1001 2928 1114 2989 occisus

127 3032 169 3080 est
187 3020 350 3081 commisso
368 3022 450 3098 graui
463 3020 574 3099 proelio
588 3024 625 3081 ab
640 3022 745 3082 eadem
758 3041 874 3100 pagana
887 3036 975 3100 gente
988 3043 1114 3101 pagano

127 3137 183 3193 que
204 3138 274 3195 rege
297 3118 477 3179 Merciorum
497 3138 516 3178 a
538 3138 597 3195 quo
618 3129 649 3179 et
669 3120 878 3195 praedecessor
899 3120 962 3180 eius
983 3121 1114 3180 Aeduini

127 3227 275 3289 peremtus
294 3216 395 3289 suerat,
415 3215 447 3274 in
466 3216 534 3275 loco
554 3214 605 3291 qui
623 3213 724 3291 lingua
743 3216 907 3291 Anglorum
927 3227 1113 3291 nuncupatur

86 3340 116 3393 30
128 3312 305 3387 Maserselth‚
330 3330 410 3371 auno
438 3310 541 3373 aetatis
564 3330 634 3371 suae
660 3310 769 3369 xxxuiii
794 3313 844 3374 die
872 3310 976 3387 quinto
1004 3310 1112 3370 mensis

127 3410 257 3485 Augum
514 3484 535 3517 ²⁰
551 3486 592 3534 illo
602 3500 669 3534 anno
680 3485 719 3535 C¹.

953 3582 1029 3635 3-2
