2592 3834
391 240 426 295 3
439 240 467 277 2
533 276 539 284 .
726 235 826 283 LE
834 236 1215 285 UTHERJUS
1261 234 1657 283 ORDAJNED
1699 234 1983 285 BISHOP.
2243 201 2378 299 [ΙΙΙ

391 365 631 425 tribuit:
674 368 834 426 unde
875 368 1134 426 offensus
1169 367 1427 443 grauiter
1459 367 1851 442 AgilberctuS,
1890 368 2055 443 quod
2090 368 2208 427 hoc
2241 366 2378 443 ipso

394 469 723 521 inconsulte]
763 476 958 541 ageret
993 484 1110 537 rex,
1149 463 1325 523 rediit
1362 464 1616 523 Galliam
1653 475 1713 522 et
1748 475 1995 539 accepto
2032 463 2378 541 episcopatu

398 561 715 617 Patimurne
763 558 1012 618 ciuitatis
1060 559 1284 619 ibidem
1330 578 1512 619 senex
1557 578 1628 619 ac
1672 561 1882 635 plenus
1930 560 2156 618 dierum
2205 559 2372 619 obiit.

394 677 507 713 nun
559 657 755 713 mustis
798 667 998 715 autem
1045 656 1216 715 annis
1260 667 1398 731 post
1440 658 1782 716 abscessum
1833 655 1957 715 eius
2006 676 2041 714 a
2087 656 2377 715 Brittania

390 753 695 809 transactis
743 752 945 825 pulsus
988 763 1048 811 et
1090 752 1231 811 Vini
1285 754 1363 810 ab
1409 753 1628 811 eodem
1675 770 1813 827 rege
1861 752 1938 810 de
1991 750 2375 826 episcopatu3

390 849 487 921 qui
527 849 808 905 suci-dens
841 848 918 905 ad
954 867 1152 922 regem
1196 846 1558 906 Merciorum
1591 848 1888 906 uocabulo
1917 845 2189 905 Vulfheri
2231 846 2378 906 emit

390 945 575 1017 prelia]
635 945 707 1001 :ih
763 962 835 1000 eo
886 944 1088 1001 sedem
1147 941 1498 1002 Lundoniae
1554 942 1808 1001 ciuitatis
1853 942 2095 1017 eiusque
2149 941 2377 1017 episco-

390 1061 495 1113 pua
531 1061 711 1113 usquc.
743 1040 818 1097 ad
846 1038 1004 1097 uitae
1033 1057 1173 1097 suae
1211 1037 1527 1096 terminum
1563 1037 1797 1109 mansit,
1834 1038 2034 1113 sicque
2068 1036 2377 1113 prouincia

390 1137 862 1197 [liutizieumlium
902 1137 1194 1194 Saxonum
1240 1145 1506 1210 tempore
1546 1155 1670 1195 non
1709 1155 1901 1211 pauco
1940 1137 2166 1210 absque
2209 1154 2375 1212 prae-

390 1237 511 1289 suli:
547 1233 663 1289 suit.

2448 768 2476 825 5

2406 1247 2475 1284 10

511 1333 647 1401 Quo
671 1329 843 1385 etiam
861 1338 1127 1403 tempore
1147 1348 1248 1386 rex
1267 1329 1561 1403 praefatus
1590 1325 1773 1403 ipsius
1800 1327 1992 1403 gentis
2012 1326 2375 1403 grauissimis
2401 1397 2408 1406 ⁶

386 1425 543 1497 regui
599 1425 683 1481 sui
735 1422 965 1481 damnis
1009 1423 1351 1498 saepissime
1390 1425 1467 1482 ab
1507 1423 1774 1482 hostibus
1815 1423 2085 1482 adflictus
2127 1425 2372 1482 tandem

388 1521 459 1577 ml
511 1521 851 1577 ammonam
897 1518 1145 1590 reduxit,
1197 1521 1358 1594 quod
1413 1538 1550 1577 eum
1604 1519 1833 1595 pridem
1888 1518 2133 1594 perfidia
2185 1537 2371 1594 regno

386 1621 615 1693 pulerit„
675 1621 822 1677 tides·
874 1618 1073 1694 agnita
1130 1619 1346 1679 Christi
1409 1620 1471 1678 in
1533 1638 1778 1694 regnum
1841 1618 2225 1691 reuocauerit,
2284 1619 2371 1677 in-

390 1717 723 1789 tellexitque
771 1717 931 1792 quod
980 1717 1158 1775 etiam
1201 1729 1343 1777 tunc
1398 1718 1678 1775 destituta
1729 1716 2009 1791 pontifice
2063 1716 2373 1792 prouincia

386 1829 539 1869 recu}
591 1817 797 1889 puriter
840 1813 1044 1872 diuino
1088 1813 1259 1871 fuerit
1308 1812 1587 1871 destituta
1630 1811 1940 1888 praesidio.
2026 1812 2184 1871 misit
2228 1831 2371 1888 ergo

386 1913 691 1985 legatarius
723 1909 784 1969 in
817 1909 1070 1969 Galliam
1106 1911 1184 1969 ad
1220 1910 1624 1985 Agilberctum
1664 1908 1974 1967 summissa
2006 1909 2171 1967 illum
2207 1910 2372 1969 satis-

386 2009 639 2065 factione:
683 1988 1001 2081 deprecans
1038 2006 1116 2065 ad
1154 2006 1558 2082 episcopatum
1602 2025 1743 2065 suae
1786 2007 1977 2082 gentis
2015 2007 2220 2067 redire.
2303 2021 2371 2069 at

386 2105 483 2161 iiii}
551 2125 611 2161 se
675 2121 957 2161 excusans
1021 2113 1082 2161 et
1144 2101 1347 2161 uenire
1410 2121 1534 2160 non
1600 2121 1775 2178 posse
1829 2114 2170 2162 contestans
2225 2093 2371 2179 quia

386 2201 725 2273 episcopatu
759 2197 1022 2274 propriae
1051 2197 1307 2256 ciuitatis
1335 2218 1406 2256 ac
1433 2198 1774 2274 parrochiae
1807 2208 2103 2258 teneretur
2128 2198 2370 2258 adstric-

386 2311 491 2365 ltus-2¹⁴
543 2317 615 2353 ut:
667 2309 862 2353 tumen
908 2294 1121 2352 obnixe
1171 2292 1397 2369 petenti
1453 2293 1534 2351 nil
1582 2295 1754 2352 ferret
1798 2293 2016 2364 auxilii,
2059 2292 2217 2351 misit
2256 2314 2369 2369 pro

386 2413 443 2445 π
495 2393 591 2449 illu
643 2392 1041 2465 presbyterum
1093 2388 1470 2447 Leutherium
1508 2400 1790 2464 nepotem
1835 2408 2021 2463 suum,
2071 2387 2172 2463 qui
2216 2388 2272 2447 ei
2316 2388 2369 2448 si

382 2493 559 2545 uellet
591 2489 953 2545 ordinaretur
980 2485 1292 2561 episcopus
1311 2506 1328 2557 3
1370 2486 1573 2544 dicens
1602 2486 1766 2560 quod
1803 2484 1929 2560 ipse
1958 2504 2091 2543 eum
2121 2484 2367 2559 dignum

382 2605 508 2641 essu
563 2585 903 2657 episcopatu
950 2581 1248 2640 iudicaret.
1335 2600 1455 2655 quo
1503 2580 1823 2639 honorifice
1866 2600 1903 2638 a
1950 2582 2174 2656 populo
2222 2591 2283 2639 et
2330 2599 2370 2637 a

382 2697 519 2753 rugii:
551 2689 837 2753 mavelim,
865 2686 1218 2752 rogauerunt
1251 2677 1636 2735 Theodorum
1674 2687 1815 2734 tunc
1854 2674 2366 2750 archiepiscopum

390 2772 854 2833 Ilm-uim1·uensis
901 2772 1182 2831 ecclesiae
1230 2772 1425 2848 ipsum
1468 2772 1578 2831 sibi
1622 2773 1942 2832 antistitem
1997 2774 2325 2831 consecrari
2347 2794 2366 2846 3

382 2873 479 2945 qui
535 2880 904 2929 murmuratus
949 2868 1009 2926 in
1051 2867 1181 2943 ipsa
1219 2868 1459 2927 ciuitate
1499 2867 1697 2926 multis
1738 2868 1907 2925 annis
1957 2867 2370 2942 episcopatum

382 2969 763 3025 [junia-:iurum
795 2985 867 3026 ex
894 2964 1176 3041 synodica
1202 2964 1510 3026 sanctione
1540 2966 1697 3023 solus
1727 2964 1933 3023 sedulo
1961 2962 2371 3024 moderamine

382 3065 575 3141 gessit,

2401 2219 2470 2257 20
