2592 3834
153 241 208 294 142
341 236 597 290 orrannum
615 240 698 290 Anu
720 241 786 290 Hrs
805 241 949 292 narrar.
1081 219 1143 304 [lv

149 366 314 442 Auglorum
336 367 472 444 religiosa
497 378 637 445 poemata
659 369 755 428 facere
777 369 956 442 tentabant·
974 368 1027 428 sed
1047 369 1143 428 nullus

150 481 219 522 eum
243 463 432 540 aequiparare
452 464 557 540 potuit
599 484 728 542 namque
748 465 814 542 ipse
831 485 893 524 non
915 467 952 526 ab
974 465 1143 526 hominibus

149 577 247 634 neque
269 579 323 636 per
345 561 501 637 hominem
518 559 668 620 institutus
691 561 818 620 canendi
842 573 936 620 artem
958 561 1069 635 didicit,
1090 563 1143 622 sed

150 653 290 714 diuinitus
314 655 432 714 adiutus
449 655 537 732 gratis
560 655 687 716 canendi
708 657 821 716 donum
837 657 958 733 accepit.
996 659 1081 716 'unde
1101 657 1143 716 nil

148 772 290 829 umquam
302 751 400 812 friuoli
413 763 443 812 et
456 753 629 829 superuacui
646 753 791 829 poematis
812 755 908 814 facere
923 755 1021 831 potuit
1042 757 1094 814 sed
1108 775 1144 815 ea

149 850 356 910 tantummodo
374 869 450 925 quae
470 851 509 908 ad
533 849 706 926 religionem
722 852 870 927 pertinent
892 851 1056 928 religiosam
1081 772 1193 913 eius)

149 945 279 1022 linguam
299 945 453 1004 decebant.
496 944 642 1020 siquidem
662 946 693 1004 in
712 946 815 1006 habitu
837 945 979 1006 saeculari
997 965 1090 1023 usque
1104 935 1154 1006 ad*

149 1053 284 1119 tempora
306 1041 497 1118 prouectioris
519 1042 623 1102 aetatis
645 1043 822 1104 constitutus
843 1044 886 1102 nil
909 1043 1071 1112 carminum
1094 1042 1144 1102 ali·
1210 1035 1213 1040 ’

149 1139 270 1214 quando
298 1138 460 1198 didicerat:
493 1140 574 1199 unde
595 1159 820 1218 nonnumquam
844 1141 875 1200 in
902 1142 1050 1214 connium,
1074 1160 1142 1200 cum

150 1247 227 1295 esset
239 1235 367 1296 laetitiae
381 1255 469 1295 causa
482 1237 634 1296 decretum
647 1248 680 1296 ut
695 1256 798 1297 omnes
811 1257 864 1314 per
877 1239 1011 1299 ordinem
1025 1248 1143 1298 cantare
1158 1261 1193 1300 ro

96 1359 99 1364 ·
149 1333 298 1406 deberent,
326 1333 376 1392 ille
402 1332 454 1392 ubi
481 1333 717 1409 adpropinquare
744 1334 800 1394 sibi
826 1335 967 1394 citharam
994 1338 1156 1420 cemebat„

149 1433 286 1508 surgebat
303 1452 322 1492 a
339 1432 438 1492 media
456 1451 548 1492 caena
567 1441 597 1492 et
616 1451 748 1508 egressus
765 1434 805 1492 ad
823 1453 907 1512 suam
924 1434 1046 1494 domum
1060 1455 1143 1514 repe-

119 1556 122 1562 ·
149 1527 247 1587 dabat

210 1622 300 1696 Quod
323 1623 395 1682 dnm
417 1633 552 1698 tempore
574 1623 705 1698 quodam
730 1624 848 1698 faceret,
873 1636 903 1684 et
926 1626 1027 1686 relicta
1050 1628 1141 1688 domo

148 1717 280 1779 conuiuii
304 1737 434 1795 egressus
459 1731 535 1778 esset
551 1720 591 1778 ad
615 1722 730 1780 stabula
753 1721 951 1783 iumentorum
970 1744 1095 1801 quorum
1113 1725 1141 1785 ei
1156 1746 1189 1805 15
1291 1726 1295 1736 '

148 1813 284 1873 custodia
306 1825 395 1873 nocte
415 1813 466 1872 illa
489 1824 550 1874 erat
572 1816 715 1891 delegata,
741 1816 840 1893 ibique
867 1818 939 1877 hora
960 1821 1141 1896 competenti

148 1909 282 1968 membra
304 1908 435 1968 dedisset
460 1908 566 1985 sopori,
592 1909 705 1969 adstitit
727 1910 754 1970 ei
776 1911 897 1987 quidam
917 1933 969 1989 per
993 1915 1139 1974 somnium

149 2026 276 2082 eumque
303 2007 432 2065 salutans
460 2026 497 2064 ac
524 2025 578 2066 suo
605 2008 757 2083 appellans
791 2007 920 2082 nomine,
950 2010 1155 2083 ‘Caedmon,'¹

148 2103 244 2179 inquit
272 2107 378 2162 ‘canta
404 2101 477 2161 mihi
499 2103 629 2180 aliquid!
670 2113 701 2163 at
725 2103 775 2163 ille
796 2106 979 2180 respondens
1005 2105 1139 2167 ‘nescio'

147 2199 243 2275 inquit
271 2203 424 2272 ‘cantare3
456 2217 527 2257 nam
555 2209 585 2258 et
607 2199 677 2259 ideo
699 2200 738 2260 de
761 2199 901 2260 conuiuio
925 2220 1056 2278 egressus
1080 2203 1140 2262 huc
1153 2227 1190 2264 20

148 2293 263 2368 secessi,
279 2294 350 2369 quia
363 2305 481 2352 cantare
495 2314 557 2354 non
570 2296 721 2371 poteram!
762 2315 876 2355 rursum
890 2295 939 2356 ille
954 2297 1004 2374 qui
1018 2317 1086 2357 cum
1101 2317 1138 2358 eo

147 2391 331 2465 loquebatur,
358 2392 520 2462 ‘attamen’
550 2389 593 2449 ait
623 2390 713 2450 ‘mihi
740 2403 857 2450 cantare
884 2393 994 2452 habes!
1035 2393 1139 2470 ‘quid'

130 2470 243 2561 ‘inquit
257 2487 370 2545 ‘debeo
385 2487 536 2544 cantare?'
577 2497 607 2544 at
625 2487 675 2546 ille
694 2490 813 2545 ‘canta’
831 2487 926 2564 inquit
946 2489 1138 2567 ‘principium

148 2584 362 2640 creaturarum!
417 2600 478 2657 quo
505 2594 629 2658 accepto
656 2601 798 2659 responso
826 2585 924 2642 statim
950 2584 1013 2662 ipse
1041 2587 1140 2663 coepit

147 2688 265 2736 cantare
289 2677 320 2736 in
347 2679 465 2737 laudem
489 2677 538 2738 dei
566 2678 728 2760 conditpris
755 2699 856 2740 uersus
880 2699 955 2756 quos
976 2701 1139 2759 numquam
1153 2701 1187 2761 25
1250 2675 1254 2684 ’

148 2774 288 2846 audierat,
312 2794 437 2850 quorum
453 2773 508 2834 iste
529 2786 574 2835 est
592 2795 712 2836 sensus:
742 2780 839 2835 ‘nunc
858 2778 977 2838 laudare
995 2781 1139 2840 debemus

148 2883 299 2931 auctorem
321 2871 403 2948 regni
424 2873 566 2946 caelestis,
583 2872 748 2950 potentiam
770 2873 907 2933 creatoris
933 2864 962 2933 et
984 2876 1139 2936 consilium

147 2967 232 3040 illius,
247 2970 324 3028 sacta
339 2968 428 3045 patris
448 2969 558 3046 gloriae
568 2991 577 3043 3
607 2970 759 3045 quomodo
779 2968 837 3042 ille,
859 2990 926 3029 cum
947 2971 984 3031 sit
1005 2983 1139 3032 aeternus

147 3064 228 3134 deus,
253 3063 386 3122 omnium
408 3063 613 3124 miraculorum
636 3076 741 3125 auctor
762 3065 864 3138 extitit,
891 3066 941 3143 qui
957 3067 1052 3144 primo
1073 3069 1139 3130 filiis

147 3160 299 3219 hominum
319 3163 433 3220 caelum
451 3179 505 3236 pro
527 3160 656 3220 culmine
681 3161 758 3236 tecti,
782 3162 890 3222 dehinc
914 3172 1139 3225 terram‘custos
1152 3189 1189 3244 30

147 3256 269 3314 humani
290 3256 404 3332 generis
428 3255 615 3333 omnipotens
639 3259 767 3319 creauit?
807 3258 857 3318 hic
878 3270 923 3320 est
947 3280 1056 3334 seusus,
1077 3281 1139 3322 non

148 3363 247 3412 autem
269 3353 343 3412 ordo
369 3352 433 3430 ipse
459 3355 618 3414 uerborum
645 3373 722 3430 quae
749 3354 896 3416 dormiens
923 3354 972 3414 ille
996 3358 1138 3420 canebat:

196 3461 218 3495 ¹¹
233 3479 291 3514 cena
301 3480 332 3530 pr
342 3480 409 3515 man.
541 3463 767 3532 1⁴drmuprnmu
899 3466 921 3500 ¹⁵
936 3469 1037 3520 conuiui
1044 3485 1090 3520 ms.
