2592 3834
179 223 235 294 178
448 232 549 286 znsr
562 233 690 286 nouas
711 235 759 286 on
775 234 887 284 anon.
1054 213 1167 297 [rasn-

176 363 276 436 timeo,
305 361 375 439 quia
397 361 511 422 bonum
537 359 693 422 dominum
719 361 888 425 habemus'.
930 361 961 421 in
984 360 1048 421 istis
1067 371 1166 421 autern

176 458 282 519 diebus
302 460 363 518 dua
384 459 527 534 opuscula
546 458 706 518 memoriae
725 457 822 534 digna,
840 457 970 534 exceptis
990 456 1166 517 lectionibus

177 574 251 632 quas
270 554 392 615 cottidie
411 553 579 630 accepimus
592 556 638 614 ¹ab
657 573 693 614 eo
713 565 742 614 et
762 565 850 613 cantu
868 556 1057 630 psalmorum,
1071 555 1166 613 facere

177 648 296 710 studuit.
338 649 370 710 id
384 659 427 709 est
440 669 459 709 a
472 649 568 726 capite
587 649 680 709 sancti
694 649 837 726 euangelii
857 648 998 710 Iohannis
1015 667 1109 726 usque
1127 650 1167 709 ad

177 769 246 812 eum
259 751 357 809 locum
368 747 398 807 in
409 767 469 824 quo
482 746 596 819 dicitur,
613 748 679 806 ‘sed
692 746 851 823 haecquid
865 757 932 806 sunt
945 745 1021 806 inter
1033 755 1129 806 tantos
1138 746 1167 804 ?’
1202 771 1219 830 5

177 842 209 903 in
235 855 366 904 nostram
386 842 516 918 linguam
535 843 573 902 ad
594 841 749 901 utilitatem
771 840 914 900 ecelesiae
940 840 990 901 dei
1013 841 1166 914 conuertit,

178 950 208 1001 et
226 940 264 999 de
282 938 363 998 libris
382 937 489 997 Isidori
510 937 642 1014 episcopi
664 936 864 1014 excerptiones
885 936 1028 1013 quasdam
1048 936 1168 997 dicens:

180 1035 267 1093 ‘nolo
294 1043 327 1092 ut
352 1031 436 1109 pueri
462 1032 522 1092 mei
548 1033 736 1093 mendacium
766 1033 865 1110 legant
897 1043 927 1092 et
953 1031 985 1090 in
1012 1033 1070 1092 hoe
1101 1043 1169 1109 post

179 1149 279 1190 meum
300 1128 415 1188 obitum
436 1127 499 1188 sine
520 1131 615 1189 fructu
636 1131 771 1189 laborent
779 1129 794 1186 '.
837 1150 905 1188 curn
924 1129 1053 1190 uenisset
1070 1137 1169 1190 autem

179 1224 263 1284 tertia
289 1224 361 1283 seria
387 1234 456 1284 ante
483 1225 689 1284 ascensionem
710 1224 823 1284 domini
843 1225 942 1302 coepit
965 1224 1169 1295 uehementius
1185 1251 1223 1290 10

180 1331 310 1397 egrotare
336 1319 368 1379 in
394 1319 524 1379 anhelitu
552 1330 582 1379 et
612 1320 747 1380 modicus
777 1331 874 1379 tumor
899 1321 931 1379 in
958 1319 1017 1380 suis
1044 1321 1169 1398 pedibus

180 1416 321 1495 apparuit
362 1427 457 1476 totum
471 1427 572 1477 tamen
584 1416 668 1476 illum
682 1418 761 1478 diem
778 1420 904 1478 docebat
921 1430 951 1478 et
968 1418 1095 1478 hilariter
1111 1419 1171 1478 dic·
1224 1483 1228 1503 ι

180 1516 263 1575 tabat
282 1523 311 1574 et
332 1531 557 1590 nonnumquam
580 1513 656 1573 inter
677 1513 733 1572 alia
755 1514 846 1573 dixit:
868 1513 986 1574 ‘discite
1007 1533 1074 1572 cum
1094 1515 1171 1574 festi·

181 1610 300 1670 natione
306 1631 315 1684 3
337 1609 406 1685 quia
419 1609 519 1668 nescio
534 1609 675 1684 quamdiu
689 1608 844 1669 subsistam
858 1620 888 1668 et
901 1609 926 1669 si
938 1621 1007 1686 post
1020 1609 1170 1669 modicum

181 1705 266 1764 tollat
288 1724 337 1764 me
357 1705 449 1764 factor
471 1707 574 1764 meus'.
619 1704 706 1765 nobis
729 1715 828 1764 tamen
851 1705 1007 1765 uidebatur
1032 1725 1070 1764 ne
1097 1706 1171 1763 sorte
1186 1726 1221 1784 15

182 1800 293 1860 exitum
307 1820 392 1860 suurn
409 1802 486 1860 bene
500 1800 586 1860 sciret
600 1811 629 1860 et
643 1800 686 1860 sic
699 1811 817 1861 noctem
833 1801 864 1861 in
881 1801 1037 1879 gratiarum
1055 1800 1171 1866 actione

182 1897 305 1978 peruigil
327 1897 419 1958 duxit.
461 1908 490 1958 et
514 1918 601 1958 mane
621 1897 829 1971 inlucescente,
852 1899 884 1959 id
904 1907 949 1958 est
969 1909 1072 1975 quarta
1091 1897 1170 1971 feria,

183 1994 331 2072 praecepit
344 1993 498 2071 diligenter
511 1994 598 2053 scribi
611 2013 688 2071 quae
702 2013 899 2072 coeperamus.
936 2003 966 2054 et
978 1995 1037 2053 hoc
1049 1992 1171 2054 fecimus

183 2092 329 2168 usquead
343 2091 462 2151 terciam
475 2091 586 2150 horam.
625 2110 643 2149 a
656 2091 745 2150 tercia
758 2102 857 2150 autem
871 2092 943 2150 hora
956 2091 1172 2150 ambulauimus

184 2208 253 2249 cum
266 2188 393 2264 reliquiis
407 2198 583 2261 sanctorum,
597 2199 631 2248 nt
647 2189 832 2247 consuetudo
850 2187 927 2247 illius
945 2187 1004 2247 diei
1022 2189 1171 2264 poscebat.
1188 2205 1226 2244 ao

184 2296 214 2344 et
231 2303 308 2342 nnus
326 2293 387 2343 erat
405 2302 442 2342 ex
460 2281 546 2342 nobis
564 2302 633 2341 curn
651 2283 710 2355 illo,
725 2281 776 2359 qui
794 2282 867 2342 dixit
885 2281 944 2342 illi:
968 2283 1080 2341 ‘adhuc
1099 2281 1175 2358 capi-

185 2383 279 2440 tulum
293 2399 385 2439 unum
399 2380 437 2439 de
450 2378 525 2439 libro
544 2398 633 2455 quem
651 2378 766 2439 dictasti
785 2380 875 2438 deest.
918 2390 948 2438 et
966 2379 1082 2439 uidetur
1101 2379 1182 2438 mihi·

186 2477 303 2536 difficile
321 2476 375 2536 tibi
388 2496 452 2536 esse
470 2477 536 2552 plus
555 2485 584 2535 te
602 2475 794 2552 interrogare'
804 2497 813 2550 3
834 2485 864 2534 at
881 2474 931 2535 ille
949 2474 1061 2551 inquid,
1078 2475 1175 2534 ‘facile
1277 2473 1282 2481 '

186 2583 238 2645 est,
255 2571 357 2647 accipe
370 2582 454 2636 tuum
468 2572 614 2629 calamum
628 2581 658 2629 et
671 2580 809 2646 tempera,
824 2569 1050 2647 festinanterque
1065 2569 1176 2630 scribe!

187 2679 217 2729 et
234 2668 282 2729 ille
300 2668 359 2726 hoc
376 2667 453 2727 fecit.
497 2687 515 2727 a
534 2686 614 2726 nona
634 2669 707 2726 hora
726 2667 799 2726 dixit
819 2667 908 2726 mihi:
930 2668 1094 2743 ‘quaedam
1114 2685 1177 2743 pre·
1192 2687 1227 2746 25

187 2764 268 2825 ciosa
287 2763 318 2823 in
338 2783 405 2823 mea
425 2765 552 2840 capsella
571 2764 676 2836 haben,
696 2763 728 2823 id
750 2775 794 2823 est
817 2763 950 2841 piperum
974 2762 1067 2823 oraria
1086 2773 1116 2822 et
1135 2762 1178 2822 in-

187 2882 294 2936 censa;
327 2862 381 2921 sed
407 2880 490 2920 curre
519 2859 660 2919 uelociter
691 2869 720 2920 et
750 2860 849 2919 adduc
878 2859 1055 2936 presbiteros
1085 2859 1178 2919 nostri

187 2955 356 3018 monasterii
379 2956 419 3015 ad
439 2975 496 3028 me,
517 2965 549 3014 ut
569 2965 599 3014 et
619 2974 675 3031 ego
694 2956 868 3014 munuscula
891 2953 988 3030 qualia
1007 2952 1080 3013 mihi
1103 2954 1177 3013 deus

189 3053 311 3115 donauit
328 3051 385 3112 illis
406 3051 577 3112 distribuam
583 3052 598 3110 ³.
641 3063 670 3112 et
684 3053 742 3112 hoc
760 3071 828 3110 curn
846 3063 971 3111 tremore
984 3050 1042 3111 feci
1055 3060 1084 3110 et
1097 3069 1179 3128 prae·

189 3151 320 3211 sentibus
338 3149 394 3209 illis
414 3149 529 3208 locutus
550 3159 594 3208 est
614 3149 653 3208 ad
671 3168 723 3208 eos
741 3159 770 3208 et
787 3167 1038 3225 unumquemque,
1053 3167 1178 3208 monens
1193 3167 1233 3223 30

179 3257 220 3307 ⁴et
242 3247 400 3306 obsecrans
418 3265 474 3321 pro
495 3264 533 3306 eo
556 3245 659 3304 missas
680 3243 833 3321 diligenter
852 3253 882 3304 et
901 3243 1047 3304 orationes
1067 3244 1180 3306 facere:

189 3351 220 3402 et
232 3339 275 3402 illi
287 3341 412 3403 libenter
424 3341 609 3418 respondere.
637 3340 777 3415 lugebant
790 3349 888 3399 autem
902 3347 932 3400 et
945 3339 1055 3399 flebant
1068 3357 1181 3413 omnes,

397 3494 403 3501 .
485 3519 488 3526 Ι
561 3452 811 3518 “merguelptpm
860 3503 873 3523 Ι,
