2592 3834
177 214 215 288 96
253 229 404 276 caxaax
418 228 631 276 lamanai)
645 223 1068 275 oarrrscorrrrucaaxrrr
1104 203 1163 286 [IV

176 359 314 417 audiebat
334 357 463 416 animum
484 357 656 430 intenderet,
672 355 783 416 audiuit
802 358 901 416 denuo
920 367 1066 416 transacto
1081 357 1163 434 quasi

178 453 316 512 dimidiae
335 455 425 512 horae
445 452 540 528 spatio
557 452 716 511 ascendere
735 452 773 511 de
793 462 872 511 tecto
894 452 1024 511 eiusdem
1045 453 1164 512 oratorii

176 549 255 607 idem
277 548 403 606 laetitiae
423 548 570 606 canticum
591 558 621 607 et
640 547 704 623 ipsa
724 566 784 622 qua
804 558 924 606 uenerat
945 547 993 606 uia
1009 547 1048 606 ad
1066 549 1163 608 caelos

177 663 268 719 usque
290 663 358 702 cum
378 643 518 702 ineffabili
538 643 694 702 dulcedine
718 642 829 700 reuerti.
873 641 924 718 qui
947 663 1014 701 curn
1036 645 1165 719 aliquan·

177 742 270 799 tulum
292 741 381 798 horae
405 738 488 815 quasi
511 738 661 797 adtonitus
679 749 810 796 maneret
829 748 858 797 et
880 738 953 814 quid
972 740 1046 798 haee
1067 751 1164 800 essent
1198 757 1213 816 5

177 835 287 895 sollerti
321 834 420 893 animo
455 844 635 906 scrutaretur,
671 834 783 908 aperuit
818 834 973 910 episcopus
1007 837 1163 894 fenestram

177 931 295 992 oratorii
313 943 342 992 et
362 931 490 991 sonitum
512 951 600 989 manu
620 930 738 1002 faciens,
757 941 790 990 ut
811 950 898 1007 saepe
919 943 1118 1004 consueuerat,
1140 933 1165 992 si

177 1027 242 1103 quis
256 1027 325 1086 soris
343 1038 427 1099 esset,
446 1027 486 1086 ad
504 1046 535 1085 se
556 1027 661 1086 intrare
682 1027 837 1103 praecepit.
880 1028 1010 1088 introiuit
1027 1029 1075 1088 ille
1095 1049 1165 1088 con·

178 1123 260 1195 citus,
276 1123 324 1180 cui
338 1122 410 1181 dixit
423 1121 560 1181 antistes:
583 1123 676 1182 ‘uade
691 1121 749 1182 cito
769 1124 807 1181 ad
826 1124 989 1196 ecclesiam,
1005 1135 1033 1184 et
1051 1125 1106 1183 hos
1124 1122 1165 1182 uii

178 1222 279 1278 fratres
302 1221 360 1278 hue
383 1220 484 1278 uenire
511 1219 616 1295 facit03
645 1230 676 1278 tu
699 1239 819 1296 quoque
843 1221 929 1279 simul
953 1223 1074 1282 adesto!
1115 1223 1164 1300 qui
1181 1243 1216 1283 10

178 1337 246 1376 cum
267 1317 423 1389 uenissent,
439 1317 533 1392 primo
552 1317 705 1376 admonuit
725 1337 776 1378 eos
797 1329 829 1377 ut
847 1318 983 1378 uirtutem
1001 1319 1165 1380 dilectionis

178 1427 208 1475 et
221 1415 301 1491 pacis
315 1416 355 1474 ad
373 1414 499 1472 inuicem
518 1425 547 1472 et
565 1414 603 1471 ad
624 1433 727 1472 omnes
745 1415 847 1472 fideles
861 1427 1017 1487 seruarent,
1035 1415 1166 1475 instituta

178 1530 298 1586 quoque
319 1510 489 1586 disciplinae
512 1510 658 1585 regularis,
683 1529 759 1585 quae
781 1511 829 1568 uel
850 1511 887 1568 ab
909 1509 974 1584 ipso
997 1509 1166 1570 didicissent

179 1620 209 1667 et
223 1607 253 1668 in
268 1608 332 1683 ipso
345 1607 487 1666 uidissent
501 1607 549 1666 uel
569 1607 600 1665 in
613 1617 728 1681 patrum
745 1606 982 1681 praecedentium
1001 1607 1083 1665 sactis
1103 1607 1166 1666 siue

180 1705 265 1764 dictis
286 1704 474 1775 inuenissent,
496 1703 642 1762 indefessa
662 1702 800 1761 instantia
820 1715 1014 1778 sequerentur.
1057 1693 1166 1764 deinde
1182 1725 1215 1785 15

179 1801 329 1860 subiunxit
352 1799 432 1858 diem
453 1800 497 1858 sui
517 1800 614 1858 obitus
635 1800 693 1858 iarn
715 1800 846 1875 proxime
865 1799 979 1859 instare.
1024 1805 1166 1878 ‘namque

179 1898 303 1973 hospes'
330 1897 424 1973 inquit
453 1897 519 1956 ‘ille
548 1895 687 1966 amabilis,
714 1895 763 1972 qui
787 1898 887 1955 fratres
911 1909 1025 1955 nostros
1050 1897 1166 1958 uisitare

180 1994 301 2064 solebat,
329 1993 369 2050 ad
396 2012 443 2052 me
471 2012 588 2068 quoque
622 1991 712 2051 hodie
736 1991 834 2050 uenire
862 2011 967 2068 meque
989 1994 1027 2051 de
1049 1994 1167 2051 saeculo

180 2106 304 2146 euocare
318 2087 454 2161 dignatus
468 2098 519 2146 est.
542 2087 756 2163 propterquod
770 2097 947 2145 reuertentes
960 2087 999 2144 ad
1013 2085 1167 2145 ecclesiam

181 2183 269 2242 dicite
290 2183 423 2242 fratribus
440 2194 472 2242 ut
492 2193 522 2242 et
543 2202 642 2241 meum
657 2182 766 2241 exitum
788 2181 910 2240 domino
932 2180 1067 2256 precibus
1089 2201 1167 2242 com·
1182 2212 1218 2251 20

87 2309 90 2312 ·
180 2281 321 2338 nrendent
345 2291 374 2339 et
398 2300 483 2338 suurn
505 2294 623 2356 quoque
644 2277 763 2350 exitum,
785 2278 867 2336 cuius
887 2279 960 2337 hora
979 2278 1091 2338 incerta
1114 2292 1167 2353 est,

180 2377 284 2452 uigiliis
306 2377 485 2436 orationibus
505 2375 592 2435 bonis
613 2374 749 2450 operibus
774 2374 941 2450 praeuenire
966 2375 1167 2436 meminerint!

180 2492 308 2548 cumque
329 2475 401 2532 haec
422 2485 451 2532 et
471 2472 639 2532 huiusmodi
659 2473 742 2547 plura
762 2471 929 2546 loqueretur
946 2483 1034 2548 atque
1053 2473 1093 2533 illi
1107 2494 1169 2550 per-

180 2582 267 2646 cepta
287 2570 349 2630 eius
367 2570 574 2630 benedictione
595 2569 653 2627 iam
674 2569 799 2627 multum
821 2566 914 2626 tristes
933 2569 1069 2641 exissent,
1083 2569 1169 2629 rediit

181 2663 244 2738 ipse
259 2664 338 2722 solus
351 2663 403 2740 qui
419 2683 537 2722 carmen
556 2665 681 2721 caeleste
702 2661 832 2720 andierat
842 2671 876 2720 >et
894 2673 1078 2736 prosternens
1093 2682 1124 2721 se
1137 2661 1167 2720 in
1182 2693 1196 2730 2
1202 2689 1216 2748 5

181 2770 287 2817 terram
311 2760 466 2819 ‘obsecro'
487 2759 590 2834 inquit,
608 2763 726 2835 ‘pater3
751 2758 819 2817 licet
840 2757 951 2834 aliquid
966 2761 1168 2835 interrogare?

184 2855 361 2932 ‘interroga'
376 2855 471 2930 inquit
493 2856 589 2930 ‘quod
606 2854 669 2913 uis.’
711 2855 806 2914 atille
826 2856 984 2914 ‘obsecro'
1005 2855 1100 2931 inquit
1121 2859 1130 2889 ⁴
1137 2866 1169 2915 ut

182 2950 263 3009 dicas
291 2952 371 3027 quod
399 2962 459 3010 erat
486 2951 634 3009 canticum
662 2951 735 3010 illud
762 2951 931 3010 laetantium
961 2953 1041 3028 quod
1069 2951 1169 3011 audiui

182 3047 362 3105 uenientium
382 3050 420 3107 de
441 3049 529 3106 caelis
554 3067 640 3124 super
664 3047 822 3108 oratorium
843 3049 900 3107 lroc
921 3059 950 3108 et
966 3059 1033 3123 post
1055 3060 1169 3125 tempus

182 3141 367 3200 redeuntium
381 3143 421 3200 ad
435 3143 565 3202 caelos?'
599 3145 758 3220 respondet
772 3144 838 3202 ille:
862 3143 902 3202 ‘si
916 3162 1021 3202 uocem
1035 3144 1169 3203 carminis
1182 3161 1219 3217 30

182 3235 289 3294 audisti
303 3248 332 3295 et
346 3239 487 3296 caelestes
507 3240 694 3314 superuenire
713 3251 814 3298 coetus
835 3238 1006 3314 cognouisti,
1021 3239 1169 3315 praecipio

182 3331 236 3391 tibi
250 3332 281 3390 in
294 3334 413 3394 nomine
427 3336 548 3408 domini,
563 3357 601 3396 ne
618 3339 676 3396 hoc
697 3336 833 3412 cuiquam
853 3347 921 3395 ante
940 3355 1039 3395 meum
1056 3337 1169 3396 obitum

183 3429 271 3490 dicas.
313 3451 414 3492 reuera
430 3445 529 3494 autem
550 3436 720 3512 angelorum
742 3435 821 3492 fuere
846 3431 969 3508 spiritus,
989 3432 1040 3509 qui
1059 3452 1106 3494 me
1130 3437 1168 3494 ad
