2592 3834
160 223 210 306 14]
241 242 391 293 sarran
406 239 569 290 armna
585 234 757 288 osUALffs
771 235 1051 286 rxrancassxonr.
1088 236 1143 292 119

156 377 282 426 mortem
298 386 351 442 pro
369 385 428 442 qua
443 363 584 426 sollicitus
598 381 647 423 es:
668 381 723 422 nos
742 361 821 422 enim
841 373 870 422 te
888 360 1031 422 hodierna
1044 358 1092 418 die
1105 359 1145 416 ad

157 463 294 524 caelestia
315 483 415 522 sumus
433 481 522 538 regna
542 460 716 537 perducturi.
758 461 811 520 sed
829 459 954 536 primum
977 467 1145 533 exspectare

157 557 249 618 habes
262 558 359 617 donec
372 557 477 616 missae
493 557 676 615 celebrentur
689 575 724 614 ac
737 555 846 614 uiatico
863 552 1002 614 dominici
1016 551 1145 628 corporis

157 676 193 716 ac
206 656 353 733 sanguinis
366 667 489 730 accepto
503 655 544 714 sic
558 653 723 713 infirmitate
741 653 827 713 simul
841 663 871 712 et
883 666 977 712 morte
993 654 1145 713 absolutus

127 754 195 831 5ad
218 765 337 814 aeterna
357 752 388 810 in
410 752 499 811 caelis
519 751 627 827 gaudia
648 748 815 809 subleueris.
857 750 952 808 clama
970 767 1038 826 ergo
1059 749 1098 808 ad
1116 760 1145 808 te

158 851 358 926 presbyterum
379 850 510 923 Eappan‚
530 857 560 905 et
577 845 668 905 dicito
687 846 729 904 illi
749 845 818 920 quia
840 845 977 904 dominus
998 844 1146 904 exaudiuit

158 964 259 1021 preces
279 955 391 1003 uestras
410 955 438 1002 et
460 942 650 1002 deuotionem
672 961 708 1000 ac
729 940 837 1000 ieiunia
860 941 1002 1018 propitius
1024 941 1146 1018 aspexit,

158 1057 254 1114 neque
278 1038 382 1114 aliquis
404 1039 518 1097 dehoc
537 1036 714 1096 monasterio
733 1036 795 1095 siue
816 1036 1017 1095 adiacentibus
1036 1035 1063 1096 ei
1080 1055 1146 1113 pos·

158 1135 345 1210 sessiunculis
366 1137 421 1192 hac
440 1135 523 1193 clade
542 1136 617 1192 ultra
635 1133 791 1193 moriturus
811 1145 872 1209 est3
893 1134 946 1193 sed
964 1153 1074 1206 omnes,
1094 1135 1145 1211 qui

111 1231 265 1291 roalicubi
289 1232 327 1290 de
347 1231 450 1290 uestris
474 1231 530 1289 hac
552 1229 733 1305 aegritudine
756 1231 898 1302 laborant,
920 1231 1105 1290 resurrecturi
1122 1251 1145 1290 a

158 1327 295 1401 languore
322 1325 443 1400 pristina
470 1334 537 1382 sunt
570 1323 710 1399 sospitate
743 1323 941 1400 recuperandi,
975 1336 1090 1401 praeter
1116 1338 1145 1386 te

158 1425 254 1482 solum
267 1421 317 1497 qui
332 1421 473 1480 hodierna
487 1440 519 1480 es
532 1420 580 1479 die
594 1420 762 1479 liberandus
773 1438 791 1478 a
801 1430 895 1478 morte
906 1429 936 1479 et
948 1421 987 1479 ad
1001 1407 1153 1481 uisionem

159 1518 271 1580 domini
285 1517 393 1580 Christi
411 1519 458 1576 cui
477 1517 600 1577 fideliter
618 1516 731 1576 seruisti
748 1517 953 1592 perducendus
968 1517 998 1576 in
1012 1519 1145 1578 caelum:

159 1616 240 1691 quod
257 1614 358 1675 diuina
375 1614 461 1673 uobis
480 1612 678 1673 misericordia
695 1632 748 1689 per
766 1613 1003 1672 intercessionem
1020 1614 1146 1691 religiosi

109 1733 144 1790 15
158 1732 195 1771 ac
208 1713 266 1772 deo
279 1710 378 1770 dilecti
392 1709 467 1786 regis
481 1709 612 1781 Osualdi,
624 1709 676 1785 qui
690 1710 841 1784 quondam
854 1709 933 1786 genti
945 1699 1147 1789 Nordanhym-

159 1811 276 1867 brorum
291 1818 320 1867 et
333 1807 415 1882 regni
429 1805 595 1881 temporalis
608 1805 781 1865 auctoritate
795 1817 825 1865 et
836 1806 1017 1867 Christianae
1030 1807 1145 1885 pietatis
1171 1795 1173 1799 ¹

159 1925 234 1982 quae
247 1905 287 1964 ad
299 1923 420 1979 regnum
435 1923 563 1979 perenne
574 1902 655 1962 ducit
669 1901 826 1962 deuotione
841 1902 1003 1963 sublimiter
1015 1904 1146 1980 praefuit,

158 1999 289 2059 conferre
308 1998 427 2074 dignata
441 2008 492 2057 est.
534 1998 590 2056 hac
608 1997 717 2056 etenim
736 1997 786 2056 die
804 1997 882 2056 idem
901 2017 952 2057 rex
969 2002 1007 2058 ab
1026 1999 1146 2060 infideli-

159 2094 263 2152 busin
281 2094 359 2152 bello
378 2093 566 2168 corporaliter
583 2091 737 2166 extin'ctuS,
757 2114 826 2153 mox
842 2095 881 2153 ad
899 2096 1074 2171 sempiterna
1087 2098 1146 2156 ani-

106 2211 146 2250 20
157 2209 270 2249 marum
283 2189 389 2267 gaudia
407 2192 558 2249 adsumtus
573 2190 602 2248 in
617 2192 730 2250 caelum
745 2203 774 2250 et
788 2193 947 2252 electorum
962 2204 1004 2252 est
1020 2193 1145 2253 sociatus

157 2285 329 2362 agminibus.
371 2297 512 2362 quaerant
533 2285 565 2345 in
588 2285 647 2345 suis
671 2287 823 2346 codicibus
845 2287 876 2346 in
900 2289 1006 2364 quibus
1028 2291 1146 2348 defunc-

157 2394 254 2442 torum
278 2393 323 2442 est
346 2385 487 2442 adnotata
513 2381 668 2458 depositio
695 2393 724 2442 et
750 2381 902 2444 inuenient
928 2383 1009 2442 illum
1036 2385 1092 2444 hac
1112 2397 1145 2446 ut

156 2476 283 2536 diximus
297 2476 345 2535 die
361 2485 477 2550 raptum
496 2494 559 2535 esse
575 2477 614 2535 de
632 2476 757 2535 saeculo.
799 2478 948 2537 celebrent
961 2497 1029 2555 ergo
1042 2477 1145 2538 missas

156 2590 210 2646 per
234 2580 341 2628 cuncta
367 2568 535 2628 monasterii
561 2570 687 2630 oratoria
713 2569 807 2642 huius,
828 2570 891 2630 siue
914 2591 969 2647 pro
990 2573 1144 2649 gratiarum

102 2684 142 2744 ²5
156 2667 273 2727 actione
299 2666 452 2726 exauditae
479 2685 549 2726 suae
576 2665 789 2742 deprecationis
816 2664 878 2726 siue
913 2666 999 2727 etiam
1027 2668 1058 2728 in
1084 2689 1145 2730 me·

155 2762 277 2822 moriam
298 2759 418 2838 praefati
435 2760 511 2836 regis
530 2761 654 2822 Osualdi
674 2760 726 2837 qui
746 2761 897 2835 quondam
915 2761 1044 2839 ipsorum
1063 2765 1144 2840 genti

154 2867 286 2934 praeerat
311 2856 438 2932 ideoque
464 2873 519 2932 pro
546 2855 587 2915 eis
614 2857 696 2932 quasi
723 2875 776 2930 pro
804 2876 874 2915 suae
900 2856 994 2932 gentis
1021 2859 1143 2918 aduenis

155 2954 279 3028 supplex
301 2951 404 3010 orabat
429 2951 469 3009 ad
497 2949 657 3010 dominum.
706 2959 736 3008 et
758 2950 872 3009 cunctis
899 2949 1143 3012 conuenientibus

155 3049 193 3108 ad
207 3046 359 3108 ecclesiam
373 3046 515 3118 fratribus,
530 3045 748 3106 communicent
762 3065 865 3106 omnes
879 3045 1024 3105 sacrificiis
1038 3050 1143 3108 caeles·

100 3161 144 3221 30
155 3132 232 3204 tibus
259 3153 289 3203 et
314 3140 357 3200 ita
383 3142 479 3201 soluto
513 3140 623 3202 ieiunio
651 3160 756 3218 corpus
783 3160 902 3218 quoque
928 3139 987 3200 suis
1012 3141 1142 3204 reficiant

153 3238 317 3300 alimentis!

215 3338 299 3410 Quae
317 3354 386 3394 cum
406 3332 633 3396 omniauocato
655 3334 694 3393 ad
715 3351 746 3392 se
769 3333 938 3409 presbytero
957 3350 1032 3408 puer
1051 3336 1142 3396 uerba

224 3445 237 3480 ⁸
250 3446 298 3497 sibi
305 3462 350 3497 ms.
363 3447 415 3495 siue
426 3444 466 3498 0¹.
599 3443 620 3475 ¹⁸
634 3444 816 3495 aduenientibus
826 3459 856 3509 pr
866 3459 932 3494 man·
943 3460 1015 3495 conu-
1027 3460 1074 3496 sec.
