2592 3834
137 220 195 304 '25]²
397 245 563 294 pascant
588 238 864 293 courxorarrsrc
1092 238 1129 299 ts

135 370 255 430 Iudaeis
282 370 332 447 qui
359 372 569 431 erediderunt?
600 382 629 430 et
657 390 762 431 omnes
787 368 819 429 hi
844 368 1038 428 aemulatores
1061 368 1129 427 srint

133 466 232 543 legis.‘’
272 486 327 526 nec
342 478 440 526 tamen
453 466 543 526 hodie
557 468 736 526 clarescente
750 485 803 542 per
814 465 960 524 mundum
975 462 1129 539 euangelio

133 579 254 621 necesse
268 573 320 633 est,
340 562 433 621 immo
452 581 508 621 nec
527 562 648 633 licitum,
669 563 805 621 fidelibus
824 562 873 620 uel
891 558 1063 619 circumcidi
1080 560 1129 619 uel

131 656 243 715 hostias
259 657 319 716 deo
336 657 521 716 uictimarum
540 658 643 717 offerre
657 656 824 716 camaliam.
867 655 967 731 itaque
981 655 1130 715 Iohannes

130 870 286 927 uesperam
301 851 459 927 incipiebat
472 852 699 912 celebrationem
715 852 780 911 festi
799 850 951 927 paschalis,
967 850 1008 908 nil
1022 868 1129 909 curans

129 959 229 1005 utrum
251 948 325 1006 baec
350 948 473 1007 sabbato
493 966 531 1005 an
555 946 611 1007 alia
634 945 765 1023 qualibet
788 945 859 1005 teria
881 944 1056 1023 proueniret.
1098 955 1129 1003 at

128 1062 203 1103 uero
221 1045 327 1103 Petrus
343 1063 411 1101 cum
427 1046 543 1103 Romae
562 1044 752 1120 praedicaret,
774 1062 887 1102 memor
904 1042 973 1119 quia
991 1040 1129 1102 dominus

129 1142 225 1218 prima
244 1141 359 1201 sabbati
376 1141 529 1201 resurrexit
543 1161 561 1200 a
574 1141 697 1200 mortuis
710 1160 746 1199 ac
759 1124 872 1199 mundo
889 1159 972 1216 spem
989 1157 1129 1198 resurrec-

76 1254 116 1293 1o
129 1239 221 1298 tionis
234 1238 367 1311 contulit,
383 1238 423 1320 ita
436 1240 545 1314 pascha
563 1238 731 1297 faciendum
750 1236 898 1307 intellexit,
918 1248 951 1297 ut
964 1237 1128 1297 secundum

129 1433 180 1504 sis,
203 1451 300 1508 aeque
323 1431 398 1490 sicut
423 1432 579 1503 lohannes,
605 1430 748 1491 orientem
771 1432 811 1491 ad
834 1450 987 1508 uesperam
1013 1450 1129 1506 semper

129 1538 324 1603 exspectaret,
339 1539 368 1586 et
385 1528 441 1586 hac
458 1538 566 1598 exorta,
582 1526 606 1586 si
620 1525 770 1587 dominica
783 1526 847 1587 dies
861 1546 937 1603 quae
950 1537 1022 1585 tunc
1034 1524 1128 1602 prima

129 1624 247 1686 sabbati
261 1626 423 1685 uocabatur
438 1635 498 1684 erat
514 1644 601 1683 mane
614 1635 749 1695 uentura,
763 1623 793 1682 in
808 1623 872 1699 ipsa
883 1642 1007 1700 uespera
1019 1623 1128 1699 pascha

74 1730 113 1789 15
128 1719 317 1780 dominicum
347 1720 494 1780 celebrare
520 1719 688 1796 incipiebat,
721 1720 875 1796 quomodo
901 1730 930 1779 et
956 1737 1014 1783 nos¹
1037 1716 1127 1778 bodie

128 1819 227 1877 facere
252 1817 398 1889 solemus;
432 1815 599 1876 sinautem
623 1815 773 1875 dominica
797 1834 859 1875 non
882 1814 1017 1891 proximo
1040 1834 1127 1874 mane

128 1924 200 1988 post
217 1914 319 1971 lunam
338 1910 433 1969 xiiii²¹²¹
450 1912 503 1971 sed
520 1910 584 1970 xui²
607 1920 658 1969 aut
674 1910 748 1969 xuii²
766 1920 817 1969 aut
836 1908 893 1969 alia
910 1909 1040 1985 qualibet
1057 1910 1127 1968 luna

128 2008 284 2083 usquead
305 2006 390 2065 nim
413 2018 489 2067 esset
510 2019 640 2079 uentura,
663 2009 850 2085 exspectabat
872 2027 941 2067 eum
962 2017 991 2067 et
1012 2025 1127 2082 praece·

129 2109 224 2167 dente
237 2105 363 2164 sabbato
376 2123 500 2180 uespere
516 2115 700 2164 sacrosancta
717 2107 845 2181 paschae
863 2103 1014 2163 sollemnia
1028 2103 1127 2163 incbo

73 2212 116 2249 20
128 2203 201 2263 abat
209 2225 219 2277 3
239 2200 342 2276 sicque
358 2200 447 2260 fiebat
464 2212 497 2260 ut
515 2202 665 2261 dominica
683 2203 810 2278 paschae
827 2202 889 2263 dies
908 2200 1025 2261 nonnisi
1043 2212 1127 2261 axu²

128 2300 203 2357 luna
221 2314 317 2372 usque
335 2296 373 2354 ad
392 2294 475 2353 xxim
489 2308 657 2357 seruaretur.
699 2317 798 2373 neque
814 2298 889 2357 baec
907 2296 1075 2373 euangelica
1096 2308 1127 2356 et

128 2393 294 2471 apostolica
312 2392 430 2451 traditio
447 2394 541 2469 legem
561 2393 650 2453 soluit
669 2396 721 2454 sed
739 2394 837 2470 potius
854 2392 1002 2469 adimplet,
1019 2392 1050 2451 in
1068 2411 1126 2469 qua

128 2491 351 2551 obseruandum
370 2488 479 2564 pascha
492 2508 509 2547 a
522 2488 595 2547 xiiii·
610 2491 680 2548 luna
696 2489 781 2566 primi
800 2489 908 2548 mensis
921 2490 961 2549 ad
973 2507 1125 2564 uesperam

127 2606 227 2662 usque
247 2587 288 2646 ad
309 2585 393 2644 rorialm
412 2587 513 2645 lunam
535 2586 667 2646 eiusdem
684 2585 797 2651 ¹mensis
815 2587 854 2645 ad
874 2604 1026 2661 uesperam
1046 2604 1126 2660 prae

74 2700 89 2737 2
94 2696 111 2754 5
127 2694 253 2759 ceptum
267 2693 328 2743 est:
349 2682 380 2740 in
394 2701 483 2757 quarn
498 2683 713 2742 obseruantiam
733 2682 906 2741 imitandam
925 2700 1028 2741 omnes
1046 2682 1125 2741 beati

127 2782 144 2839 1
146 2778 275 2839 ohannis
289 2797 472 2838 successores
490 2778 520 2836 in
537 2778 607 2837 Asia
626 2789 693 2854 post
714 2778 828 2838 obitum
845 2777 908 2837 eius
921 2788 950 2837 et
964 2776 1060 2836 omnis
1073 2796 1125 2853 per

126 2877 234 2937 orbern
256 2874 381 2935 ecelesia
404 2894 546 2934 conuersa
570 2886 620 2935 est.
664 2886 695 2935 et
715 2877 773 2935 boc
797 2895 862 2935 esse
882 2895 984 2935 uerum
1005 2876 1122 2950 pascha,

125 2974 189 3031 hoc
207 2971 304 3030 solum
324 2969 460 3030 fidelibus
478 2971 696 3042 celebrandum,
712 2970 828 3031 Niceno
847 2970 975 3030 concilio
991 2988 1051 3028 non
1070 2980 1125 3028 sta

124 3078 227 3127 tutum
248 3065 365 3125 nouiter
389 3066 441 3125 sed
463 3066 667 3125 confirmatum
689 3077 741 3138 est,
763 3078 797 3126 ut
818 3065 1015 3127 ecclesiastica
1035 3066 1123 3125 docet

71 3184 112 3241 30
125 3162 258 3223 historia
301 3163 383 3222 unde
404 3172 518 3221 constat
546 3180 609 3235 uos,
632 3164 785 3234 Colmane,
806 3181 904 3238 neque
927 3159 1067 3220 lobannis
1090 3173 1123 3222 ut

124 3257 288 3321 autumatis
310 3258 443 3333 exempla
464 3257 567 3317 sectari
585 3277 682 3334 neque
698 3257 775 3318 Petri
795 3257 881 3318 cuius
902 3255 1051 3317 traditioni
1071 3256 1123 3317 sci·

431 3374 442 3405 ³
457 3376 592 3427 clarescente
606 3392 653 3425 ms.

420 3454 443 3490 ¹0
458 3456 572 3520 intellegi?
580 3472 634 3507 corr
645 3457 672 3506 iu
681 3472 738 3507 w.
