<?xml version="1.0" encoding="UTF-8"?>
<!DOCTYPE html PUBLIC "-//W3C//DTD XHTML 1.0 Transitional//EN"
    "http://www.w3.org/TR/xhtml1/DTD/xhtml1-transitional.dtd">
<html xmlns="http://www.w3.org/1999/xhtml" xml:lang="en" lang="en">
 <head>
  <title>
</title>
<meta http-equiv="Content-Type" content="text/html;charset=utf-8" />
  <meta name='ocr-system' content='tesseract 3.04.00' />
  <meta name='ocr-capabilities' content='ocr_page ocr_carea ocr_par ocr_line ocrx_word'/>
</head>
<body>
  <div class='ocr_page' id='page_1' title='image "./historiaeeccles00lumbgoog_0177.png"; bbox 0 0 2592 3834; ppageno 0'>
   <div class='ocr_carea' id='block_1_1' title="bbox 162 222 1148 311">
    <p class='ocr_par' dir='ltr' id='par_1_1' title="bbox 162 222 1148 311">
     <span class='ocr_line' id='line_1_1' title="bbox 162 222 1148 311; baseline -0.026 -4"><span class='ocrx_word' id='word_1_1' title='bbox 162 229 257 307; x_wconf 67' lang='grc' dir='ltr'><strong>(23)Ξ</strong></span> <span class='ocrx_word' id='word_1_2' title='bbox 268 229 318 311; x_wconf 86' lang='lat'><strong>26]</strong></span> <span class='ocrx_word' id='word_1_3' title='bbox 345 249 538 299; x_wconf 70' lang='lat' dir='ltr'><strong>arrrncaas</strong></span> <span class='ocrx_word' id='word_1_4' title='bbox 556 246 613 295; x_wconf 77' lang='lat' dir='ltr'><strong>ar</strong></span> <span class='ocrx_word' id='word_1_5' title='bbox 632 238 864 293; x_wconf 74' lang='lat' dir='ltr'><strong>cunnancr’s</strong></span> <span class='ocrx_word' id='word_1_6' title='bbox 882 237 1058 288; x_wconf 67' lang='lat' dir='ltr'><strong>enarras.</strong></span> <span class='ocrx_word' id='word_1_7' title='bbox 1093 222 1148 296; x_wconf 81' lang='lat'>&#39;153</span> 
     </span>
    </p>
   </div>
   <div class='ocr_carea' id='block_1_2' title="bbox 129 369 1153 1118">
    <p class='ocr_par' dir='ltr' id='par_1_2' title="bbox 142 369 1153 738">
     <span class='ocr_line' id='line_1_2' title="bbox 161 369 1152 448; baseline -0.006 -14"><span class='ocrx_word' id='word_1_8' title='bbox 161 372 269 434; x_wconf 90' lang='lat' dir='ltr'><strong>Cantia</strong></span> <span class='ocrx_word' id='word_1_9' title='bbox 295 374 399 436; x_wconf 84' lang='lat' dir='ltr'><strong>fecisse</strong></span> <span class='ocrx_word' id='word_1_10' title='bbox 427 375 566 448; x_wconf 91' lang='lat' dir='ltr'><strong>noscitur,</strong></span> <span class='ocrx_word' id='word_1_11' title='bbox 596 373 741 434; x_wconf 86' lang='lat' dir='ltr'><strong>scribente</strong></span> <span class='ocrx_word' id='word_1_12' title='bbox 763 371 790 432; x_wconf 90' lang='lat' dir='ltr'><strong>ei</strong></span> <span class='ocrx_word' id='word_1_13' title='bbox 813 369 1048 432; x_wconf 87' lang='lat' dir='ltr'><strong>reuerentissimo</strong></span> <span class='ocrx_word' id='word_1_14' title='bbox 1075 389 1152 446; x_wconf 82' lang='lat' dir='ltr'><strong>papa</strong></span> 
     </span>
     <span class='ocr_line' id='line_1_3' title="bbox 142 468 1150 549; baseline -0.001 -21"><span class='ocrx_word' id='word_1_15' title='bbox 142 470 304 546; x_wconf 61' lang='lat' dir='ltr'><strong>,Gregorio</strong></span> <span class='ocrx_word' id='word_1_16' title='bbox 318 472 401 546; x_wconf 92' lang='lat' dir='ltr'><strong>quod</strong></span> <span class='ocrx_word' id='word_1_17' title='bbox 415 483 445 532; x_wconf 92' lang='lat' dir='ltr'><strong>et</strong></span> <span class='ocrx_word' id='word_1_18' title='bbox 459 491 547 549; x_wconf 91' lang='lat' dir='ltr'><strong>supra</strong></span> <span class='ocrx_word' id='word_1_19' title='bbox 559 471 720 548; x_wconf 88' lang='lat' dir='ltr'><strong>posuimus.</strong></span> <span class='ocrx_word' id='word_1_20' title='bbox 754 471 820 530; x_wconf 90' lang='lat' dir='ltr'><strong>‘sed</strong></span> <span class='ocrx_word' id='word_1_21' title='bbox 834 469 903 546; x_wconf 92' lang='lat' dir='ltr'><strong>quia</strong></span> <span class='ocrx_word' id='word_1_22' title='bbox 916 480 967 529; x_wconf 90' lang='lat' dir='ltr'><strong>tua</strong></span> <span class='ocrx_word' id='word_1_23' title='bbox 977 468 1150 538; x_wconf 82' lang='lat' dir='ltr'><strong>fraternitas&#39;</strong></span> 
     </span>
     <span class='ocr_line' id='line_1_4' title="bbox 163 563 1153 643; baseline 0.002 -20"><span class='ocrx_word' id='word_1_24' title='bbox 163 563 260 641; x_wconf 88' lang='lat' dir='ltr'><strong>inquit</strong></span> <span class='ocrx_word' id='word_1_25' title='bbox 280 567 467 626; x_wconf 86' lang='lat' dir='ltr'><strong>‘monasterii</strong></span> <span class='ocrx_word' id='word_1_26' title='bbox 486 567 594 643; x_wconf 90' lang='lat' dir='ltr'><strong>regulis</strong></span> <span class='ocrx_word' id='word_1_27' title='bbox 615 566 729 626; x_wconf 87' lang='lat' dir='ltr'><strong>erudita</strong></span> <span class='ocrx_word' id='word_1_28' title='bbox 749 585 880 626; x_wconf 90' lang='lat' dir='ltr'><strong>seorsum</strong></span> <span class='ocrx_word' id='word_1_29' title='bbox 900 566 961 626; x_wconf 87' lang='lat' dir='ltr'><strong>fieri</strong></span> <span class='ocrx_word' id='word_1_30' title='bbox 982 585 1043 626; x_wconf 92' lang='lat' dir='ltr'><strong>non</strong></span> <span class='ocrx_word' id='word_1_31' title='bbox 1063 566 1153 626; x_wconf 87' lang='lat' dir='ltr'><strong>debet</strong></span> 
     </span>
     <span class='ocr_line' id='line_1_5' title="bbox 161 660 1153 738; baseline 0.001 -20"><span class='ocrx_word' id='word_1_32' title='bbox 161 680 181 718; x_wconf 92' lang='lat' dir='ltr'><strong>a</strong></span> <span class='ocrx_word' id='word_1_33' title='bbox 193 660 305 720; x_wconf 86' lang='lat' dir='ltr'><strong>clericis</strong></span> <span class='ocrx_word' id='word_1_34' title='bbox 319 661 388 734; x_wconf 91' lang='lat' dir='ltr'><strong>suis,</strong></span> <span class='ocrx_word' id='word_1_35' title='bbox 402 661 434 720; x_wconf 90' lang='lat' dir='ltr'><strong>in</strong></span> <span class='ocrx_word' id='word_1_36' title='bbox 448 662 572 722; x_wconf 87' lang='lat' dir='ltr'><strong>ecclesia</strong></span> <span class='ocrx_word' id='word_1_37' title='bbox 587 664 750 738; x_wconf 88' lang='lat' dir='ltr'><strong>Anglorum</strong></span> <span class='ocrx_word' id='word_1_38' title='bbox 764 680 841 737; x_wconf 89' lang='lat' dir='ltr'><strong>quae</strong></span> <span class='ocrx_word' id='word_1_39' title='bbox 853 680 948 738; x_wconf 86' lang='lat' dir='ltr'>nuper</span> <span class='ocrx_word' id='word_1_40' title='bbox 961 671 1081 721; x_wconf 88' lang='lat' dir='ltr'><strong>auctore</strong></span> <span class='ocrx_word' id='word_1_41' title='bbox 1095 662 1153 721; x_wconf 92' lang='lat' dir='ltr'><strong>deo</strong></span> 
     </span>
    </p>

    <p class='ocr_par' dir='ltr' id='par_1_3' title="bbox 129 758 1152 1118">
     <span class='ocr_line' id='line_1_6' title="bbox 129 758 1151 841; baseline 0.002 -25"><span class='ocrx_word' id='word_1_42' title='bbox 129 782 147 841; x_wconf 83' lang='lat'>5</span> <span class='ocrx_word' id='word_1_43' title='bbox 162 759 201 818; x_wconf 90' lang='lat' dir='ltr'><strong>ad</strong></span> <span class='ocrx_word' id='word_1_44' title='bbox 214 759 303 818; x_wconf 87' lang='lat' dir='ltr'>fidem</span> <span class='ocrx_word' id='word_1_45' title='bbox 317 761 460 834; x_wconf 87' lang='lat' dir='ltr'><strong>perducta</strong></span> <span class='ocrx_word' id='word_1_46' title='bbox 473 770 518 819; x_wconf 91' lang='lat' dir='ltr'><strong>est</strong></span> <span class='ocrx_word' id='word_1_47' title='bbox 530 761 609 819; x_wconf 91' lang='lat' dir='ltr'><strong>hanc</strong></span> <span class='ocrx_word' id='word_1_48' title='bbox 622 760 711 820; x_wconf 87' lang='lat' dir='ltr'><strong>debet</strong></span> <span class='ocrx_word' id='word_1_49' title='bbox 725 759 979 819; x_wconf 84' lang='lat' dir='ltr'><strong>conuersationem</strong></span> <span class='ocrx_word' id='word_1_50' title='bbox 993 758 1151 832; x_wconf 84' lang='lat' dir='ltr'><strong>instituere,</strong></span> 
     </span>
     <span class='ocr_line' id='line_1_7' title="bbox 162 853 1152 932; baseline 0.002 -20"><span class='ocrx_word' id='word_1_51' title='bbox 162 873 238 930; x_wconf 90' lang='lat' dir='ltr'><strong>quae</strong></span> <span class='ocrx_word' id='word_1_52' title='bbox 252 853 337 913; x_wconf 89' lang='lat' dir='ltr'><strong>initio</strong></span> <span class='ocrx_word' id='word_1_53' title='bbox 351 855 498 915; x_wconf 86' lang='lat' dir='ltr'><strong>nascentis</strong></span> <span class='ocrx_word' id='word_1_54' title='bbox 512 855 653 916; x_wconf 89' lang='lat' dir='ltr'><strong>ecclesiae</strong></span> <span class='ocrx_word' id='word_1_55' title='bbox 667 855 721 914; x_wconf 81' lang='lat' dir='ltr'><strong>suit</strong></span> <span class='ocrx_word' id='word_1_56' title='bbox 733 856 864 930; x_wconf 89' lang='lat' dir='ltr'><strong>patribus</strong></span> <span class='ocrx_word' id='word_1_57' title='bbox 879 855 993 928; x_wconf 87' lang='lat' dir='ltr'><strong>nostris,</strong></span> <span class='ocrx_word' id='word_1_58' title='bbox 1004 856 1034 914; x_wconf 91' lang='lat' dir='ltr'><strong>in</strong></span> <span class='ocrx_word' id='word_1_59' title='bbox 1045 855 1152 932; x_wconf 90' lang='lat' dir='ltr'><strong>quibus</strong></span> 
     </span>
     <span class='ocr_line' id='line_1_8' title="bbox 161 950 1152 1029; baseline 0.004 -23"><span class='ocrx_word' id='word_1_60' title='bbox 161 950 258 1008; x_wconf 92' lang='lat' dir='ltr'><strong>nullus</strong></span> <span class='ocrx_word' id='word_1_61' title='bbox 282 968 384 1008; x_wconf 90' lang='lat' dir='ltr'><strong>eorum</strong></span> <span class='ocrx_word' id='word_1_62' title='bbox 407 969 444 1010; x_wconf 89' lang='lat' dir='ltr'><strong>ex</strong></span> <span class='ocrx_word' id='word_1_63' title='bbox 467 951 513 1010; x_wconf 90' lang='lat' dir='ltr'><strong>his</strong></span> <span class='ocrx_word' id='word_1_64' title='bbox 537 971 613 1029; x_wconf 91' lang='lat' dir='ltr'><strong>quae</strong></span> <span class='ocrx_word' id='word_1_65' title='bbox 637 951 829 1027; x_wconf 90' lang='lat' dir='ltr'><strong>possidebant</strong></span> <span class='ocrx_word' id='word_1_66' title='bbox 849 951 961 1028; x_wconf 91' lang='lat' dir='ltr'><strong>aliquid</strong></span> <span class='ocrx_word' id='word_1_67' title='bbox 981 971 1067 1011; x_wconf 90' lang='lat' dir='ltr'><strong>suum</strong></span> <span class='ocrx_word' id='word_1_68' title='bbox 1089 969 1152 1010; x_wconf 90' lang='lat' dir='ltr'><strong>esse</strong></span> 
     </span>
     <span class='ocr_line' id='line_1_9' title="bbox 162 1045 835 1118; baseline 0.004 -13"><span class='ocrx_word' id='word_1_69' title='bbox 162 1045 287 1118; x_wconf 90' lang='lat' dir='ltr'><strong>dicebat,</strong></span> <span class='ocrx_word' id='word_1_70' title='bbox 303 1047 356 1106; x_wconf 92' lang='lat' dir='ltr'><strong>sed</strong></span> <span class='ocrx_word' id='word_1_71' title='bbox 371 1058 453 1107; x_wconf 91' lang='lat' dir='ltr'><strong>erant</strong></span> <span class='ocrx_word' id='word_1_72' title='bbox 466 1047 523 1106; x_wconf 91' lang='lat' dir='ltr'><strong>illis</strong></span> <span class='ocrx_word' id='word_1_73' title='bbox 537 1048 637 1108; x_wconf 90' lang='lat' dir='ltr'><strong>omnia</strong></span> <span class='ocrx_word' id='word_1_74' title='bbox 651 1047 835 1108; x_wconf 81' lang='lat' dir='ltr'><strong>communia&#39;</strong></span> 
     </span>
    </p>
   </div>
   <div class='ocr_carea' id='block_1_3' title="bbox 574 1291 740 1376">
    <p class='ocr_par' dir='ltr' id='par_1_4' title="bbox 574 1291 740 1376">
     <span class='ocr_line' id='line_1_10' title="bbox 574 1291 740 1376; baseline 0.012 -24"><span class='ocrx_word' id='word_1_75' title='bbox 574 1291 740 1376; x_wconf 82' lang='lat' dir='ltr'><strong>[xxvrrr]</strong></span> 
     </span>
    </p>
   </div>
   <div class='ocr_carea' id='block_1_4' title="bbox 72 1437 1203 3326">
    <p class='ocr_par' dir='ltr' id='par_1_5' title="bbox 116 1437 1153 1706">
     <span class='ocr_line' id='line_1_11' title="bbox 116 1437 1153 1514; baseline 0.002 -18"><span class='ocrx_word' id='word_1_76' title='bbox 116 1452 150 1490; x_wconf 87' lang='lat'><strong>10</strong></span> <span class='ocrx_word' id='word_1_77' title='bbox 229 1440 307 1497; x_wconf 90' lang='grc' dir='ltr'><strong>ΧΙΝ</strong></span> <span class='ocrx_word' id='word_1_78' title='bbox 342 1439 493 1498; x_wconf 92' lang='lat' dir='ltr'><strong>Cudberct</strong></span> <span class='ocrx_word' id='word_1_79' title='bbox 519 1438 718 1498; x_wconf 85' lang='lat' dir='ltr'><strong>crescentibus</strong></span> <span class='ocrx_word' id='word_1_80' title='bbox 747 1437 857 1498; x_wconf 90' lang='lat' dir='ltr'><strong>meritis</strong></span> <span class='ocrx_word' id='word_1_81' title='bbox 883 1437 1033 1514; x_wconf 82' lang='lat' dir='ltr'><strong>religiosae</strong></span> <span class='ocrx_word' id='word_1_82' title='bbox 1060 1437 1153 1498; x_wconf 89' lang='lat' dir='ltr'><strong>inten-</strong></span> 
     </span>
     <span class='ocr_line' id='line_1_12' title="bbox 249 1533 1152 1610; baseline 0.001 -18"><span class='ocrx_word' id='word_1_83' title='bbox 249 1533 337 1592; x_wconf 90' lang='lat' dir='ltr'><strong>tionis</strong></span> <span class='ocrx_word' id='word_1_84' title='bbox 360 1535 400 1592; x_wconf 89' lang='lat' dir='ltr'><strong>ad</strong></span> <span class='ocrx_word' id='word_1_85' title='bbox 423 1533 626 1594; x_wconf 85' lang='lat' dir='ltr'><strong>anchoreticae</strong></span> <span class='ocrx_word' id='word_1_86' title='bbox 651 1553 769 1610; x_wconf 91' lang='lat' dir='ltr'><strong>quoque</strong></span> <span class='ocrx_word' id='word_1_87' title='bbox 796 1534 1053 1610; x_wconf 83' lang='lat' dir='ltr'><strong>contemplationis</strong></span> <span class='ocrx_word' id='word_1_88' title='bbox 1077 1543 1152 1610; x_wconf 86' lang='lat' dir='ltr'><strong>quae</strong></span> 
     </span>
     <span class='ocr_line' id='line_1_13' title="bbox 162 1626 1152 1706; baseline -0.001 -19"><span class='ocrx_word' id='word_1_89' title='bbox 162 1626 289 1688; x_wconf 88' lang='lat' dir='ltr'><strong>diximus</strong></span> <span class='ocrx_word' id='word_1_90' title='bbox 303 1628 418 1688; x_wconf 88' lang='lat' dir='ltr'><strong>silentia</strong></span> <span class='ocrx_word' id='word_1_91' title='bbox 430 1640 542 1688; x_wconf 89' lang='lat' dir='ltr'><strong>secreta</strong></span> <span class='ocrx_word' id='word_1_92' title='bbox 555 1629 697 1704; x_wconf 89' lang='lat' dir='ltr'><strong>peruenit.</strong></span> <span class='ocrx_word' id='word_1_93' title='bbox 740 1648 842 1688; x_wconf 89' lang='lat' dir='ltr'><strong>uerum</strong></span> <span class='ocrx_word' id='word_1_94' title='bbox 862 1628 930 1706; x_wconf 91' lang='lat' dir='ltr'><strong>quia</strong></span> <span class='ocrx_word' id='word_1_95' title='bbox 949 1630 986 1688; x_wconf 89' lang='lat' dir='ltr'><strong>de</strong></span> <span class='ocrx_word' id='word_1_96' title='bbox 1003 1629 1064 1688; x_wconf 90' lang='lat' dir='ltr'><strong>uita</strong></span> <span class='ocrx_word' id='word_1_97' title='bbox 1076 1628 1152 1688; x_wconf 91' lang='lat' dir='ltr'><strong>illius</strong></span> 
     </span>
    </p>

    <p class='ocr_par' dir='ltr' id='par_1_6' title="bbox 103 1721 1152 1892">
     <span class='ocr_line' id='line_1_14' title="bbox 103 1721 1152 1798; baseline 0.003 -19"><span class='ocrx_word' id='word_1_98' title='bbox 103 1791 106 1795; x_wconf 18' lang='lat'>¹</span> <span class='ocrx_word' id='word_1_99' title='bbox 163 1731 193 1780; x_wconf 92' lang='lat' dir='ltr'><strong>et</strong></span> <span class='ocrx_word' id='word_1_100' title='bbox 219 1721 376 1781; x_wconf 89' lang='lat' dir='ltr'><strong>uirtutibus</strong></span> <span class='ocrx_word' id='word_1_101' title='bbox 407 1732 476 1780; x_wconf 90' lang='lat' dir='ltr'><strong>ante</strong></span> <span class='ocrx_word' id='word_1_102' title='bbox 502 1741 596 1781; x_wconf 86' lang='lat' dir='ltr'><strong>annos</strong></span> <span class='ocrx_word' id='word_1_103' title='bbox 623 1723 721 1798; x_wconf 92' lang='lat' dir='ltr'><strong>plures</strong></span> <span class='ocrx_word' id='word_1_104' title='bbox 755 1721 930 1780; x_wconf 89' lang='lat' dir='ltr'><strong>sufficienter</strong></span> <span class='ocrx_word' id='word_1_105' title='bbox 961 1733 990 1782; x_wconf 93' lang='lat' dir='ltr'><strong>et</strong></span> <span class='ocrx_word' id='word_1_106' title='bbox 1021 1722 1152 1782; x_wconf 90' lang='lat' dir='ltr'><strong>uersibus</strong></span> 
     </span>
     <span class='ocr_line' id='line_1_15' title="bbox 162 1815 1152 1892; baseline -0.002 -18"><span class='ocrx_word' id='word_1_107' title='bbox 162 1816 287 1876; x_wconf 87' lang='lat' dir='ltr'><strong>heroicis</strong></span> <span class='ocrx_word' id='word_1_108' title='bbox 309 1828 338 1876; x_wconf 93' lang='lat' dir='ltr'><strong>et</strong></span> <span class='ocrx_word' id='word_1_109' title='bbox 358 1815 483 1892; x_wconf 91' lang='lat' dir='ltr'><strong>simplici</strong></span> <span class='ocrx_word' id='word_1_110' title='bbox 503 1816 636 1876; x_wconf 91' lang='lat' dir='ltr'><strong>oratione</strong></span> <span class='ocrx_word' id='word_1_111' title='bbox 657 1815 890 1891; x_wconf 87' lang='lat' dir='ltr'><strong>conscripsimus,</strong></span> <span class='ocrx_word' id='word_1_112' title='bbox 910 1818 968 1875; x_wconf 93' lang='lat' dir='ltr'><strong>hoc</strong></span> <span class='ocrx_word' id='word_1_113' title='bbox 988 1827 1101 1875; x_wconf 88' lang='lat' dir='ltr'><strong>tanturn</strong></span> <span class='ocrx_word' id='word_1_114' title='bbox 1122 1817 1152 1874; x_wconf 91' lang='lat' dir='ltr'><strong>in</strong></span> 
     </span>
    </p>

    <p class='ocr_par' dir='ltr' id='par_1_7' title="bbox 115 1911 1203 2845">
     <span class='ocr_line' id='line_1_16' title="bbox 115 1911 1203 1990; baseline 0 -20"><span class='ocrx_word' id='word_1_115' title='bbox 115 1925 148 1983; x_wconf 79' lang='lat'><strong>15</strong></span> <span class='ocrx_word' id='word_1_116' title='bbox 162 1911 309 1988; x_wconf 84' lang='lat' dir='ltr'><strong>praesenti</strong></span> <span class='ocrx_word' id='word_1_117' title='bbox 336 1931 566 1971; x_wconf 89' lang='lat' dir='ltr'><strong>commemorare</strong></span> <span class='ocrx_word' id='word_1_118' title='bbox 593 1911 663 1971; x_wconf 90' lang='lat' dir='ltr'><strong>satis</strong></span> <span class='ocrx_word' id='word_1_119' title='bbox 691 1911 736 1984; x_wconf 91' lang='lat' dir='ltr'><strong>sit,</strong></span> <span class='ocrx_word' id='word_1_120' title='bbox 761 1913 842 1988; x_wconf 89' lang='lat' dir='ltr'><strong>quod</strong></span> <span class='ocrx_word' id='word_1_121' title='bbox 869 1913 1011 1990; x_wconf 81' lang='lat' dir='ltr'><strong>aditurus</strong></span> <span class='ocrx_word' id='word_1_122' title='bbox 1026 1912 1152 1972; x_wconf 90' lang='lat' dir='ltr'><strong>insulam</strong></span> <span class='ocrx_word' id='word_1_123' title='bbox 1201 1947 1203 1964; x_wconf 84' lang='lat'><em>·</em></span> 
     </span>
     <span class='ocr_line' id='line_1_17' title="bbox 163 2007 1152 2085; baseline 0 -19"><span class='ocrx_word' id='word_1_124' title='bbox 163 2019 340 2082; x_wconf 88' lang='lat' dir='ltr'><strong>protestatus</strong></span> <span class='ocrx_word' id='word_1_125' title='bbox 360 2018 405 2067; x_wconf 89' lang='lat' dir='ltr'><strong>est</strong></span> <span class='ocrx_word' id='word_1_126' title='bbox 424 2008 569 2081; x_wconf 82' lang='lat' dir='ltr'><strong>fratribus,</strong></span> <span class='ocrx_word' id='word_1_127' title='bbox 591 2008 711 2068; x_wconf 89' lang='lat' dir='ltr'><strong>dicens:</strong></span> <span class='ocrx_word' id='word_1_128' title='bbox 737 2009 779 2069; x_wconf 89' lang='lat' dir='ltr'><strong>‘si</strong></span> <span class='ocrx_word' id='word_1_129' title='bbox 798 2007 869 2067; x_wconf 90' lang='lat' dir='ltr'><strong>mihi</strong></span> <span class='ocrx_word' id='word_1_130' title='bbox 890 2009 991 2069; x_wconf 88' lang='lat' dir='ltr'><strong>diuina</strong></span> <span class='ocrx_word' id='word_1_131' title='bbox 1010 2009 1102 2085; x_wconf 88' lang='lat' dir='ltr'><strong>gratia</strong></span> <span class='ocrx_word' id='word_1_132' title='bbox 1121 2009 1152 2066; x_wconf 92' lang='lat' dir='ltr'><strong>in</strong></span> 
     </span>
     <span class='ocr_line' id='line_1_18' title="bbox 163 2102 1153 2178; baseline 0.004 -20"><span class='ocrx_word' id='word_1_133' title='bbox 163 2102 231 2161; x_wconf 92' lang='lat' dir='ltr'><strong>loco</strong></span> <span class='ocrx_word' id='word_1_134' title='bbox 252 2102 304 2161; x_wconf 93' lang='lat' dir='ltr'><strong>illo</strong></span> <span class='ocrx_word' id='word_1_135' title='bbox 327 2103 480 2165; x_wconf 86' lang='lat' dir='ltr'><strong>donauerit</strong></span> <span class='ocrx_word' id='word_1_136' title='bbox 502 2113 537 2161; x_wconf 92' lang='lat' dir='ltr'><strong>ut</strong></span> <span class='ocrx_word' id='word_1_137' title='bbox 560 2103 598 2161; x_wconf 91' lang='lat' dir='ltr'><strong>de</strong></span> <span class='ocrx_word' id='word_1_138' title='bbox 620 2122 709 2178; x_wconf 91' lang='lat' dir='ltr'><strong>opere</strong></span> <span class='ocrx_word' id='word_1_139' title='bbox 733 2123 875 2162; x_wconf 88' lang='lat' dir='ltr'><strong>manuum</strong></span> <span class='ocrx_word' id='word_1_140' title='bbox 897 2124 1028 2163; x_wconf 87' lang='lat' dir='ltr'><strong>mearum</strong></span> <span class='ocrx_word' id='word_1_141' title='bbox 1052 2103 1153 2162; x_wconf 90' lang='lat' dir='ltr'><strong>uiuere</strong></span> 
     </span>
     <span class='ocr_line' id='line_1_19' title="bbox 163 2195 1152 2271; baseline 0.002 -17"><span class='ocrx_word' id='word_1_142' title='bbox 163 2215 279 2271; x_wconf 87' lang='lat' dir='ltr'><strong>queam,</strong></span> <span class='ocrx_word' id='word_1_143' title='bbox 293 2195 389 2256; x_wconf 90' lang='lat' dir='ltr'><strong>libens</strong></span> <span class='ocrx_word' id='word_1_144' title='bbox 408 2196 451 2257; x_wconf 90' lang='lat' dir='ltr'><strong>ibi</strong></span> <span class='ocrx_word' id='word_1_145' title='bbox 470 2197 608 2257; x_wconf 90' lang='lat' dir='ltr'><strong>morabor</strong></span> <span class='ocrx_word' id='word_1_146' title='bbox 615 2219 624 2271; x_wconf 82' lang='lat'><em>3</em></span> <span class='ocrx_word' id='word_1_147' title='bbox 645 2197 691 2256; x_wconf 93' lang='lat' dir='ltr'><strong>sin</strong></span> <span class='ocrx_word' id='word_1_148' title='bbox 711 2198 791 2270; x_wconf 89' lang='lat' dir='ltr'><strong>alias,</strong></span> <span class='ocrx_word' id='word_1_149' title='bbox 806 2199 845 2257; x_wconf 88' lang='lat' dir='ltr'><strong>ad</strong></span> <span class='ocrx_word' id='word_1_150' title='bbox 865 2218 920 2258; x_wconf 93' lang='lat' dir='ltr'><strong>uos</strong></span> <span class='ocrx_word' id='word_1_151' title='bbox 942 2197 1080 2258; x_wconf 88' lang='lat' dir='ltr'><strong>citissime</strong></span> <span class='ocrx_word' id='word_1_152' title='bbox 1095 2199 1152 2257; x_wconf 92' lang='lat' dir='ltr'><strong>deo</strong></span> 
     </span>
     <span class='ocr_line' id='line_1_20' title="bbox 162 2291 1152 2369; baseline 0.002 -21"><span class='ocrx_word' id='word_1_153' title='bbox 162 2291 283 2350; x_wconf 91' lang='lat' dir='ltr'><strong>uolente</strong></span> <span class='ocrx_word' id='word_1_154' title='bbox 303 2294 448 2351; x_wconf 87' lang='lat' dir='ltr'><strong>reuertar.&#39;</strong></span> <span class='ocrx_word' id='word_1_155' title='bbox 498 2303 559 2352; x_wconf 90' lang='lat' dir='ltr'><strong>erat</strong></span> <span class='ocrx_word' id='word_1_156' title='bbox 585 2303 685 2352; x_wconf 89' lang='lat' dir='ltr'><strong>autem</strong></span> <span class='ocrx_word' id='word_1_157' title='bbox 711 2294 793 2352; x_wconf 91' lang='lat' dir='ltr'><strong>locus</strong></span> <span class='ocrx_word' id='word_1_158' title='bbox 815 2303 844 2352; x_wconf 91' lang='lat' dir='ltr'><strong>et</strong></span> <span class='ocrx_word' id='word_1_159' title='bbox 864 2312 958 2368; x_wconf 88' lang='lat' dir='ltr'><strong>aquae</strong></span> <span class='ocrx_word' id='word_1_160' title='bbox 978 2312 1094 2369; x_wconf 90' lang='lat' dir='ltr'><strong>prorsus</strong></span> <span class='ocrx_word' id='word_1_161' title='bbox 1122 2303 1152 2350; x_wconf 94' lang='lat' dir='ltr'><strong>et</strong></span> 
     </span>
     <span class='ocr_line' id='line_1_21' title="bbox 115 2387 1152 2465; baseline 0 -18"><span class='ocrx_word' id='word_1_162' title='bbox 115 2405 151 2441; x_wconf 91' lang='lat'><strong>20</strong></span> <span class='ocrx_word' id='word_1_163' title='bbox 162 2387 250 2463; x_wconf 89' lang='lat' dir='ltr'><strong>frugis</strong></span> <span class='ocrx_word' id='word_1_164' title='bbox 274 2399 305 2448; x_wconf 92' lang='lat' dir='ltr'><strong>et</strong></span> <span class='ocrx_word' id='word_1_165' title='bbox 327 2388 438 2449; x_wconf 81' lang='lat' dir='ltr'><strong>arboris</strong></span> <span class='ocrx_word' id='word_1_166' title='bbox 460 2388 556 2465; x_wconf 84' lang='lat' dir='ltr'><strong>inops,</strong></span> <span class='ocrx_word' id='word_1_167' title='bbox 581 2390 635 2449; x_wconf 91' lang='lat' dir='ltr'><strong>sed</strong></span> <span class='ocrx_word' id='word_1_168' title='bbox 656 2399 685 2449; x_wconf 95' lang='lat' dir='ltr'><strong>et</strong></span> <span class='ocrx_word' id='word_1_169' title='bbox 709 2389 861 2465; x_wconf 91' lang='lat' dir='ltr'><strong>spirituum</strong></span> <span class='ocrx_word' id='word_1_170' title='bbox 885 2389 1080 2465; x_wconf 81' lang='lat' dir='ltr'><strong>malignorum</strong></span> <span class='ocrx_word' id='word_1_171' title='bbox 1100 2389 1152 2447; x_wconf 83' lang='lat' dir='ltr'><strong>fre-</strong></span> 
     </span>
     <span class='ocr_line' id='line_1_22' title="bbox 163 2483 1152 2558; baseline 0.001 -17"><span class='ocrx_word' id='word_1_172' title='bbox 163 2483 284 2558; x_wconf 90' lang='lat' dir='ltr'><strong>quentia</strong></span> <span class='ocrx_word' id='word_1_173' title='bbox 307 2486 454 2544; x_wconf 88' lang='lat' dir='ltr'><strong>humanae</strong></span> <span class='ocrx_word' id='word_1_174' title='bbox 477 2483 651 2544; x_wconf 86' lang='lat' dir='ltr'><strong>habitationi</strong></span> <span class='ocrx_word' id='word_1_175' title='bbox 671 2484 768 2543; x_wconf 90' lang='lat' dir='ltr'><strong>minus</strong></span> <span class='ocrx_word' id='word_1_176' title='bbox 788 2485 1016 2544; x_wconf 89' lang='lat' dir='ltr'><strong>accommodus:</strong></span> <span class='ocrx_word' id='word_1_177' title='bbox 1041 2484 1093 2542; x_wconf 91' lang='lat' dir='ltr'><strong>sed</strong></span> <span class='ocrx_word' id='word_1_178' title='bbox 1114 2485 1152 2542; x_wconf 90' lang='lat' dir='ltr'><strong>ad</strong></span> 
     </span>
     <span class='ocr_line' id='line_1_23' title="bbox 163 2577 1152 2656; baseline 0 -20"><span class='ocrx_word' id='word_1_179' title='bbox 163 2589 267 2637; x_wconf 92' lang='lat' dir='ltr'><strong>uotum</strong></span> <span class='ocrx_word' id='word_1_180' title='bbox 290 2579 346 2638; x_wconf 89' lang='lat' dir='ltr'><strong>uiri</strong></span> <span class='ocrx_word' id='word_1_181' title='bbox 369 2579 419 2639; x_wconf 91' lang='lat' dir='ltr'><strong>dei</strong></span> <span class='ocrx_word' id='word_1_182' title='bbox 440 2579 608 2640; x_wconf 90' lang='lat' dir='ltr'><strong>habitabilis</strong></span> <span class='ocrx_word' id='word_1_183' title='bbox 628 2599 682 2656; x_wconf 89' lang='lat' dir='ltr'><strong>per</strong></span> <span class='ocrx_word' id='word_1_184' title='bbox 701 2577 801 2638; x_wconf 88' lang='lat' dir='ltr'><strong>omnia</strong></span> <span class='ocrx_word' id='word_1_185' title='bbox 820 2580 914 2638; x_wconf 84' lang='lat' dir='ltr'><strong>sactus</strong></span> <span class='ocrx_word' id='word_1_186' title='bbox 935 2590 986 2652; x_wconf 88' lang='lat' dir='ltr'><strong>est,</strong></span> <span class='ocrx_word' id='word_1_187' title='bbox 1009 2578 1152 2654; x_wconf 88' lang='lat' dir='ltr'><strong>siquidem</strong></span> 
     </span>
     <span class='ocr_line' id='line_1_24' title="bbox 163 2671 1152 2750; baseline -0.001 -19"><span class='ocrx_word' id='word_1_188' title='bbox 163 2673 203 2732; x_wconf 91' lang='lat' dir='ltr'><strong>ad</strong></span> <span class='ocrx_word' id='word_1_189' title='bbox 225 2675 388 2733; x_wconf 87' lang='lat' dir='ltr'><strong>aduentum</strong></span> <span class='ocrx_word' id='word_1_190' title='bbox 410 2673 472 2733; x_wconf 92' lang='lat' dir='ltr'><strong>eius</strong></span> <span class='ocrx_word' id='word_1_191' title='bbox 493 2673 611 2750; x_wconf 90' lang='lat' dir='ltr'><strong>spiritus</strong></span> <span class='ocrx_word' id='word_1_192' title='bbox 630 2693 775 2733; x_wconf 91' lang='lat' dir='ltr'><strong>recessere</strong></span> <span class='ocrx_word' id='word_1_193' title='bbox 796 2671 923 2748; x_wconf 86' lang='lat' dir='ltr'><strong>maligni.</strong></span> <span class='ocrx_word' id='word_1_194' title='bbox 966 2691 1033 2730; x_wconf 88' lang='lat' dir='ltr'><strong>cum</strong></span> <span class='ocrx_word' id='word_1_195' title='bbox 1054 2681 1152 2730; x_wconf 86' lang='lat' dir='ltr'><strong>autem</strong></span> 
     </span>
     <span class='ocr_line' id='line_1_25' title="bbox 162 2767 1151 2845; baseline -0.002 -18"><span class='ocrx_word' id='word_1_196' title='bbox 162 2767 225 2844; x_wconf 89' lang='lat' dir='ltr'><strong>ipse</strong></span> <span class='ocrx_word' id='word_1_197' title='bbox 252 2767 308 2827; x_wconf 93' lang='lat' dir='ltr'><strong>sibi</strong></span> <span class='ocrx_word' id='word_1_198' title='bbox 334 2768 445 2828; x_wconf 90' lang='lat' dir='ltr'><strong>ibidem</strong></span> <span class='ocrx_word' id='word_1_199' title='bbox 472 2768 599 2845; x_wconf 81' lang='lat' dir='ltr'><strong>expulsis</strong></span> <span class='ocrx_word' id='word_1_200' title='bbox 626 2767 761 2828; x_wconf 87' lang='lat' dir='ltr'><strong>hostibus</strong></span> <span class='ocrx_word' id='word_1_201' title='bbox 787 2767 972 2826; x_wconf 90' lang='lat' dir='ltr'><strong>mansionem</strong></span> <span class='ocrx_word' id='word_1_202' title='bbox 999 2777 1151 2842; x_wconf 82' lang='lat' dir='ltr'><strong>angustam</strong></span> 
     </span>
    </p>

    <p class='ocr_par' dir='ltr' id='par_1_8' title="bbox 114 2862 1152 3036">
     <span class='ocr_line' id='line_1_26' title="bbox 114 2862 1152 2942; baseline 0.002 -24"><span class='ocrx_word' id='word_1_203' title='bbox 114 2880 129 2918; x_wconf 86' lang='lat' dir='ltr'><strong>a</strong></span> <span class='ocrx_word' id='word_1_204' title='bbox 134 2876 149 2935; x_wconf 87' lang='lat'><em>5</em></span> <span class='ocrx_word' id='word_1_205' title='bbox 163 2865 403 2924; x_wconf 89' lang='lat' dir='ltr'><strong>circumuallante</strong></span> <span class='ocrx_word' id='word_1_206' title='bbox 426 2884 531 2942; x_wconf 86' lang='lat' dir='ltr'><strong>aggere</strong></span> <span class='ocrx_word' id='word_1_207' title='bbox 551 2875 582 2924; x_wconf 90' lang='lat' dir='ltr'><strong>et</strong></span> <span class='ocrx_word' id='word_1_208' title='bbox 602 2865 708 2924; x_wconf 92' lang='lat' dir='ltr'><strong>domos</strong></span> <span class='ocrx_word' id='word_1_209' title='bbox 723 2863 759 2922; x_wconf 83' lang='lat' dir='ltr'><strong>in</strong></span> <span class='ocrx_word' id='word_1_210' title='bbox 781 2883 817 2922; x_wconf 92' lang='lat' dir='ltr'><strong>ea</strong></span> <span class='ocrx_word' id='word_1_211' title='bbox 836 2863 1012 2923; x_wconf 90' lang='lat' dir='ltr'><strong>necessarias</strong></span> <span class='ocrx_word' id='word_1_212' title='bbox 1033 2862 1152 2921; x_wconf 87' lang='lat' dir='ltr'><strong>iuuante</strong></span> 
     </span>
     <span class='ocr_line' id='line_1_27' title="bbox 163 2959 1150 3036; baseline -0.003 -17"><span class='ocrx_word' id='word_1_213' title='bbox 163 2963 282 3022; x_wconf 85' lang='lat' dir='ltr'><strong>fratrum</strong></span> <span class='ocrx_word' id='word_1_214' title='bbox 303 2981 401 3036; x_wconf 87' lang='lat' dir='ltr'><strong>manu,</strong></span> <span class='ocrx_word' id='word_1_215' title='bbox 419 2962 450 3021; x_wconf 89' lang='lat' dir='ltr'><strong>id</strong></span> <span class='ocrx_word' id='word_1_216' title='bbox 471 2972 516 3021; x_wconf 92' lang='lat' dir='ltr'><strong>est</strong></span> <span class='ocrx_word' id='word_1_217' title='bbox 536 2959 695 3021; x_wconf 89' lang='lat' dir='ltr'><strong>oratorium</strong></span> <span class='ocrx_word' id='word_1_218' title='bbox 717 2971 746 3020; x_wconf 91' lang='lat' dir='ltr'><strong>et</strong></span> <span class='ocrx_word' id='word_1_219' title='bbox 766 2959 963 3019; x_wconf 89' lang='lat' dir='ltr'><strong>habitaculum</strong></span> <span class='ocrx_word' id='word_1_220' title='bbox 985 2977 1150 3028; x_wconf 86' lang='lat' dir='ltr'><strong>commune,</strong></span> 
     </span>
    </p>

    <p class='ocr_par' dir='ltr' id='par_1_9' title="bbox 72 3054 1150 3326">
     <span class='ocr_line' id='line_1_28' title="bbox 72 3054 1150 3132; baseline -0.002 -16"><span class='ocrx_word' id='word_1_221' title='bbox 72 3100 76 3106; x_wconf 69' lang='lat'><strong>·</strong></span> <span class='ocrx_word' id='word_1_222' title='bbox 164 3058 380 3132; x_wconf 88' lang='lat' dir='ltr'><strong>construxisset,</strong></span> <span class='ocrx_word' id='word_1_223' title='bbox 395 3058 478 3117; x_wconf 90' lang='lat' dir='ltr'><strong>iussit</strong></span> <span class='ocrx_word' id='word_1_224' title='bbox 492 3059 591 3129; x_wconf 81' lang='lat' dir='ltr'><strong>fratres</strong></span> <span class='ocrx_word' id='word_1_225' title='bbox 611 3058 643 3116; x_wconf 91' lang='lat' dir='ltr'><strong>iu</strong></span> <span class='ocrx_word' id='word_1_226' title='bbox 665 3057 796 3117; x_wconf 90' lang='lat' dir='ltr'><strong>eiusdem</strong></span> <span class='ocrx_word' id='word_1_227' title='bbox 810 3056 967 3117; x_wconf 88' lang='lat' dir='ltr'><strong>habitaculi</strong></span> <span class='ocrx_word' id='word_1_228' title='bbox 981 3054 1150 3131; x_wconf 89' lang='lat' dir='ltr'><strong>pauimento</strong></span> 
     </span>
     <span class='ocr_line' id='line_1_29' title="bbox 163 3153 1150 3225; baseline 0.001 -14"><span class='ocrx_word' id='word_1_229' title='bbox 163 3154 281 3212; x_wconf 82' lang='lat' dir='ltr'><strong>foueam</strong></span> <span class='ocrx_word' id='word_1_230' title='bbox 302 3156 414 3214; x_wconf 84' lang='lat' dir='ltr'><strong>facere:</strong></span> <span class='ocrx_word' id='word_1_231' title='bbox 436 3163 497 3214; x_wconf 87' lang='lat' dir='ltr'><strong>erat</strong></span> <span class='ocrx_word' id='word_1_232' title='bbox 518 3165 617 3214; x_wconf 87' lang='lat' dir='ltr'><strong>autem</strong></span> <span class='ocrx_word' id='word_1_233' title='bbox 640 3157 727 3214; x_wconf 92' lang='lat' dir='ltr'><strong>tellus</strong></span> <span class='ocrx_word' id='word_1_234' title='bbox 751 3153 903 3214; x_wconf 90' lang='lat' dir='ltr'><strong>durissima</strong></span> <span class='ocrx_word' id='word_1_235' title='bbox 926 3163 956 3213; x_wconf 91' lang='lat' dir='ltr'><strong>et</strong></span> <span class='ocrx_word' id='word_1_236' title='bbox 977 3153 1150 3225; x_wconf 85' lang='lat' dir='ltr'><strong>saxosa,·cui</strong></span> 
     </span>
     <span class='ocr_line' id='line_1_30' title="bbox 163 3239 1148 3326; baseline 0.001 -19"><span class='ocrx_word' id='word_1_237' title='bbox 163 3250 243 3309; x_wconf 84' lang='lat' dir='ltr'><strong>nulla</strong></span> <span class='ocrx_word' id='word_1_238' title='bbox 256 3249 379 3310; x_wconf 91' lang='lat' dir='ltr'><strong>omnino</strong></span> <span class='ocrx_word' id='word_1_239' title='bbox 399 3269 466 3326; x_wconf 90' lang='lat' dir='ltr'><strong>spes</strong></span> <span class='ocrx_word' id='word_1_240' title='bbox 485 3269 579 3310; x_wconf 91' lang='lat' dir='ltr'><strong>uenae</strong></span> <span class='ocrx_word' id='word_1_241' title='bbox 596 3239 736 3309; x_wconf 78' lang='lat' dir='ltr'><strong>fontanae</strong></span> <span class='ocrx_word' id='word_1_242' title='bbox 756 3250 903 3310; x_wconf 89' lang='lat' dir='ltr'><strong>uideretur</strong></span> <span class='ocrx_word' id='word_1_243' title='bbox 923 3248 1027 3308; x_wconf 88' lang='lat' dir='ltr'><strong>inesse.</strong></span> <span class='ocrx_word' id='word_1_244' title='bbox 1070 3250 1148 3324; x_wconf 91' lang='lat' dir='ltr'><strong>quod</strong></span> 
     </span>
    </p>
   </div>
   <div class='ocr_carea' id='block_1_5' title="bbox 210 3375 1100 3524">
    <p class='ocr_par' dir='ltr' id='par_1_10' title="bbox 210 3375 1100 3524">
     <span class='ocr_line' id='line_1_31' title="bbox 210 3375 1100 3441; baseline 0.004 -18"><span class='ocrx_word' id='word_1_245' title='bbox 210 3375 221 3407; x_wconf 93' lang='lat'>⁷</span> <span class='ocrx_word' id='word_1_246' title='bbox 232 3375 385 3438; x_wconf 59' lang='lat' dir='ltr'><strong>perstridant</strong></span> <span class='ocrx_word' id='word_1_247' title='bbox 399 3389 444 3427; x_wconf 80' lang='lat' dir='ltr'><strong>ms</strong></span> <span class='ocrx_word' id='word_1_248' title='bbox 522 3375 534 3410; x_wconf 80' lang='lat'><strong>⁹</strong></span> <span class='ocrx_word' id='word_1_249' title='bbox 550 3378 648 3426; x_wconf 88' lang='lat' dir='ltr'><em>XXVI</em></span> <span class='ocrx_word' id='word_1_250' title='bbox 660 3394 706 3428; x_wconf 87' lang='lat' dir='ltr'><strong>ms.</strong></span> <span class='ocrx_word' id='word_1_251' title='bbox 782 3376 803 3410; x_wconf 84' lang='lat'><strong>¹¹</strong></span> <span class='ocrx_word' id='word_1_252' title='bbox 818 3378 980 3428; x_wconf 79' lang='lat' dir='ltr'><strong>anchoritr&#39;cae</strong></span> <span class='ocrx_word' id='word_1_253' title='bbox 994 3391 1025 3441; x_wconf 90' lang='lat' dir='ltr'><strong>pr</strong></span> <span class='ocrx_word' id='word_1_254' title='bbox 1034 3392 1100 3427; x_wconf 89' lang='lat' dir='ltr'><strong>man.</strong></span> 
     </span>
     <span class='ocr_line' id='line_1_32' title="bbox 227 3455 1085 3524; baseline 0.003 -19"><span class='ocrx_word' id='word_1_255' title='bbox 227 3455 248 3487; x_wconf 78' lang='lat'><strong>¹¹</strong></span> <span class='ocrx_word' id='word_1_256' title='bbox 264 3457 459 3521; x_wconf 13' lang='lat' dir='ltr'><strong>accomodusgrns.</strong></span> <span class='ocrx_word' id='word_1_257' title='bbox 545 3457 580 3508; x_wconf 74' lang='lat'><strong>,²³</strong></span> <span class='ocrx_word' id='word_1_258' title='bbox 595 3459 680 3508; x_wconf 85' lang='lat' dir='ltr'><strong>a’omus</strong></span> <span class='ocrx_word' id='word_1_259' title='bbox 695 3475 725 3524; x_wconf 92' lang='lat' dir='ltr'><strong>pr</strong></span> <span class='ocrx_word' id='word_1_260' title='bbox 735 3474 801 3509; x_wconf 83' lang='lat' dir='ltr'><strong>man.</strong></span> <span class='ocrx_word' id='word_1_261' title='bbox 892 3455 913 3492; x_wconf 73' lang='lat'><strong>²⁸</strong></span> <span class='ocrx_word' id='word_1_262' title='bbox 927 3474 1024 3508; x_wconf 80' lang='lat' dir='ltr'><strong>saxossa</strong></span> <span class='ocrx_word' id='word_1_263' title='bbox 1040 3473 1085 3508; x_wconf 87' lang='lat' dir='ltr'><strong>ms.</strong></span> 
     </span>
    </p>
   </div>
   <div class='ocr_carea' id='block_1_6' title="bbox 0 0 1300 3834">
    <p class='ocr_par' dir='ltr' id='par_1_11' title="bbox 0 0 1300 3834">
     <span class='ocr_line' id='line_1_33' title="bbox 0 0 1300 3834; baseline 0 1"><span class='ocrx_word' id='word_1_264' title='bbox 0 0 1300 3834; x_wconf 95' lang='lat' dir='ltr'><strong> </strong></span> 
     </span>
    </p>
   </div>
  </div>
 </body>
</html>
