2592 3834
166 177 198 260 2]
487 193 642 246 creancet
659 192 819 242 senerata
1099 192 1157 248 299

165 321 260 371 ashort
270 321 355 384 bary,
369 320 411 371 the
422 318 510 369 Lord’s
520 335 615 385 prayer,
629 318 672 368 the
683 318 796 382 apostles’
808 318 878 368 creed
897 317 945 367 and
959 319 1001 368 the
1012 326 1049 370 ter
1059 327 1158 371 amerus

82 455 84 461 ,
165 403 192 451 in
207 402 251 453 As
266 403 398 461 character,
417 402 462 451 bnt
478 401 520 452 the
539 402 660 465 language
679 400 770 449 Greek.
805 401 853 449 See
874 399 967 450 Ussher
986 401 1017 450 de
1029 402 1156 450 Romanae

164 483 282 532 ecclesiae
296 483 409 545 symbolo
424 483 497 531 Lond
514 480 581 543 1647.
600 478 726 545 Heurtley
736 482 864 530 harmonia
880 482 1015 546 symbolica
1026 481 1080 532 Oxi
1095 483 1156 544 1858

165 563 214 612 and
230 579 274 627 esp
292 563 313 614 C
327 564 347 614 P
366 563 468 626 Caspari
484 563 659 626 nngedrnckte,
681 563 844 612 unbeachtete
861 564 911 613 und
930 564 1011 628 wenig
1028 564 1157 614 beachtete

135 644 273 710 5Quelien
291 660 333 692 cnr
351 643 434 693 Geach
451 645 494 692 des
512 643 684 707 Tanisymbols
702 655 734 691 111
755 644 903 693 Christiania
923 647 982 708 1875
999 643 1102 710 (passim
1114 661 1158 710 esp

168 725 301 786 188-199.
317 736 451 784 219-234.
463 719 609 783 466-510).
643 722 735 770 Aleuin
750 737 781 785 ep
794 735 840 784 257
852 723 912 771 cites
927 722 1018 771 Greek.
1050 722 1077 771 id
1088 729 1158 772 sanct

166 803 235 852 Ebor
247 818 357 867 154a-9
367 803 478 867 specifies
489 795 575 852 Athen
587 804 635 852 Bas
647 804 677 851 Io
689 803 768 866 Chrys
777 804 872 852 Aristot
883 818 974 866 among
985 803 1029 852 the
1038 809 1158 853 treaaures

88 920 93 924 .
117 895 121 902 “
165 881 274 943 oiYork
284 883 381 945 library.
417 883 549 945 Theganus
560 883 611 930 nita
623 881 744 930 Ludouici
756 882 807 945 imp
820 879 1044 946 (Mignecv1413⁶)
1056 882 1159 946 lingua

167 955 280 1012 Graeca
302 969 331 1012 et
355 963 463 1012 Latina
484 963 573 1011 ualde
595 963 735 1022 eruditus,
756 964 808 1012 sed
831 964 973 1013 Graecam
994 962 1100 1011 melius
1116 961 1157 1010 in·

116 1053 153 1095 10
166 1043 310 1106 tellegere
326 1050 444 1106 poterat
460 1058 546 1106 quam
567 1042 671 1106 loqni;
698 1042 836 1090 Latinam
857 1056 933 1090 uero
949 1041 1025 1091 sicut
1041 1049 1157 1090 natura·

165 1124 222 1174 lem
242 1123 414 1188 aequaliter
434 1123 518 1188 loqui
539 1131 665 1187 poterat„
702 1124 777 1172 From
794 1124 836 1172 the
855 1139 905 1172 ann
920 1131 1017 1172 monast
1034 1121 1116 1187 (Wav)
1135 1134 1157 1171 11

168 1221 213 1269 ¹55
231 1207 310 1256 under
325 1207 368 1256 the
386 1221 445 1270 year
459 1217 503 1267 741
518 1221 556 1254 we
571 1206 630 1265 find,
646 1206 773 1254 Romanae
789 1204 906 1254 ecclesiae
923 1216 1029 1253 Lxxxrx
1046 1205 1158 1254 Zacarias

166 1288 297 1351 praesidet.
329 1288 370 1339 hic
381 1289 457 1338 libros
468 1288 640 1352 demlogonrm
651 1288 718 1336 beati
729 1288 841 1350 Gregorii
853 1288 884 1336 de
898 1288 987 1336 Latinb
998 1287 1024 1336 in
1035 1289 1158 1338 Graecum

166 1367 247 1416 vertit.

117 1453 152 1513 15
216 1446 285 1504 Ρ92
298 1444 329 1496 26
345 1458 429 1496 sonos
445 1458 590 1495 cnnrannr
607 1458 638 1494 rn
656 1447 811 1496 nccrnsrnl
832 1448 862 1495 28
878 1463 902 1496 n.
924 1462 941 1510 p
958 1459 989 1512 93
1005 1446 1064 1508 123.
1081 1462 1099 1512 p
1114 1460 1158 1510 ¹¹4

166 1528 224 1577 lro
242 1528 515 1593 pra5119-12613.
535 1541 607 1591 pryr
622 1527 630 1574 l
645 1543 681 1589 ¹4·
701 1539 719 1575 v
737 1525 752 1575 6
768 1543 797 1591 pr
808 1528 882 1575 abbat
895 1528 1021 1576 Herebald
1032 1543 1087 1592 says
1102 1541 1158 1576 acm

162 1610 289 1671 primaeua
298 1609 468 1657 adcelcscentiac
476 1615 577 1670 tempere
587 1608 616 1655 in
625 1608 686 1656 clero
697 1609 765 1655 illias
779 1607 818 1669 [of
829 1608 896 1672 John
913 1607 941 1656 of
955 1607 1082 1672 Beverley]
1093 1608 1158 1672 dege·

167 1706 217 1738 rem
236 1690 329 1753 legendi
345 1691 439 1753 quidem
455 1690 625 1751 canendique
641 1689 728 1738 stadici
746 1688 856 1738 tradebes.
892 1699 911 1735 v
931 1702 960 1736 aa
981 1686 1048 1751 (end)
1069 1687 1159 1737 Beda’a

167 1771 247 1821 friend
257 1773 327 1821 Acca
342 1777 528 1820 cantatorem
545 1785 635 1833 quoque
644 1771 764 1832 egregium
776 1770 887 1817 uocabulo
897 1769 998 1826 Maban‚
1011 1768 1055 1832 qui
1066 1783 1081 1816 a
1097 1784 1157 1817 suc·

118 1865 156 1903 20
168 1851 336 1899 cessoribus
352 1849 566 1913 discipulorum
582 1849 662 1898 beati
679 1863 771 1912 papae
782 1847 920 1911 Gregorii
937 1849 966 1897 in
978 1847 1084 1897 Cantia
1100 1847 1158 1898 sne*

168 1939 212 1978 rat
229 1930 370 1979 cantandi
385 1946 473 1980 sonos
489 1932 618 1989 edoctus,
637 1931 673 1978 ad
687 1947 712 1979 sc
725 1947 822 1995 serosque
833 1931 990 1979 instituendos
1003 1932 1108 1980 accersiit
1122 1932 1159 1994 [to

169 2013 297 2073 Hexham]
308 2029 337 2061 ac
342 2019 390 2076 per
398 2028 477 2060 annos
486 2013 607 2061 duodecim
617 2015 701 2072 anecd,
717 2021 834 2077 quatenus
843 2021 872 2073 et,
889 2031 951 2078 qaae
965 2014 1007 2063 illi
1020 2030 1070 2063 nan
1087 2030 1157 2062 neree·

168 2101 235 2152 rant,
249 2094 361 2142 carmina
371 2094 520 2142 ecclesiastica
530 2094 649 2142 daceretct
658 2110 692 2151 ca,
704 2111 766 2159 quae
778 2097 900 2158 quondam
917 2096 1011 2158 cognita
1027 2096 1096 2160 longa
1111 2111 1159 2144 urae

169 2175 209 2222 cccl
219 2175 362 2238 neglegentia
373 2176 506 2225 inueterare
514 2183 642 2240 coeperant,
655 2177 729 2226 huius
738 2179 847 2226 doctn'na
857 2179 968 2240 priscum
983 2185 1161 2228 renouarentur

119 2260 156 2320 25
170 2254 199 2302 in
217 2259 315 2304 statum.
358 2270 418 2302 nam
436 2256 525 2318 etipse
544 2257 662 2319 episcopas
680 2260 745 2306 Acca
763 2265 899 2307 cantator
921 2265 975 2306 crat
988 2258 1157 2321 pere'tissimus.

171 2327 214 2384 He
225 2351 275 2384 was
286 2335 337 2384 first
348 2335 443 2385 trained
454 2338 532 2386 nnder
543 2338 615 2396 Boza,
635 2338 695 2386 then
710 2338 788 2386 under
805 2337 913 2400 Wilfrid
928 2339 1010 2387 whom
1020 2337 1051 2387 he
1063 2353 1158 2394 accom-

170 2416 262 2478 panied
280 2424 307 2464 to
324 2417 407 2465 Rome.
442 2416 480 2466 As
499 2432 547 2466 one
566 2418 641 2468 result
659 2418 687 2467 of
700 2419 739 2467 his
749 2419 805 2467 visit
816 2425 843 2467 to
856 2420 935 2468 Rome
946 2419 971 2467 in
983 2418 1029 2478 678
1042 2418 1160 2468 Benedict

171 2496 262 2559 Biscop
280 2495 306 2560 (h
322 2511 372 2559 ap
393 2507 439 2560 295
458 2511 489 2558 24
501 2495 528 2559 S)
547 2498 682 2546 ordinem
699 2499 842 2548 cantandi
858 2499 1011 2563 psallendi
1027 2507 1114 2562 atque
1130 2500 1160 2548 in

171 2575 300 2625 ecclesia
326 2575 516 2625 ministrandi
542 2577 623 2626 iuxta
647 2595 759 2627 morem
787 2579 936 2629 Romanae
960 2580 1163 2629 institutionis

119 2673 159 2729 30
172 2674 225 2707 suo
248 2658 433 2707 monasterio
453 2659 647 2719 contradidit,
669 2662 790 2724 postulate
808 2661 916 2709 uidelicet
936 2667 1006 2724 atque
1025 2667 1115 2723 accepto
1131 2659 1161 2707 ab

171 2739 300 2801 Agathone
314 2744 383 2801 papa
404 2737 612 2793 archicantore
635 2740 739 2788 ecclcsiae
756 2740 817 2788 beati
833 2739 933 2802 apostoli
952 2739 1021 2788 Petri
1039 2745 1063 2787 ct
1082 2739 1163 2787 abbate

171 2817 312 2866 monasterii
332 2819 395 2865 beati
415 2819 528 2868 Martini
549 2819 690 2880 Iohanne,
717 2835 787 2884 quem
810 2821 851 2868 sui
869 2821 989 2884 ficturum
1016 2820 1161 2881 magistram

170 2897 312 2945 monasterii
334 2898 475 2946 Romanum
502 2899 593 2962 Anglc's
621 2901 752 2949 adduceret.
806 2899 851 2964 qui
879 2899 922 2947 illo
942 2899 1086 2962 pmceneens
1113 2913 1162 2946 non

170 2979 249 3025 solum
273 2979 334 3025 uiua
356 2992 411 3025 uoce
430 2993 492 3041 quae
510 2979 603 3026 Romae
622 2978 707 3027 didicit
725 2979 875 3028 ecclesiastica
890 2976 1030 3025 discentibus
1050 2976 1159 3035 tradedit,

119 3072 157 3132 35
171 3059 214 3106 sed
231 3063 254 3105 et
275 3072 326 3106 non
346 3065 429 3121 pauca
452 3059 525 3106 etiam
547 3059 633 3107 litterali
658 3058 777 3107 enandata
798 3058 904 3122 reliquit,
925 3073 985 3120 qaae
1000 3057 1114 3104 haetenus
1135 3056 1163 3104 in

171 3138 274 3188 ciusdem
294 3138 435 3186 nronastm'i
449 3139 584 3187 bibliotheca
599 3140 727 3186 naeniariae
738 3139 825 3200 gratia
843 3143 981 3186 seruantur.
1018 3150 1079 3184 conc
1097 3135 1163 3183 Rom

173 3233 187 3281 5
206 3218 265 3282 July
283 3231 329 3283 595
351 3217 427 3283 (Greg
445 3234 479 3282 op
496 3231 518 3268 11
539 3219 599 3268 1288
617 3219 648 3268 ed
671 3219 739 3278 Ben¹
758 3217 840 3276 Mansi
859 3227 890 3265 lx
914 3213 983 3265 1226.
1001 3227 1021 3264 x
1037 3214 1109 3278 475)=
1129 3215 1164 3264 ‘it

172 3300 217 3348 has
227 3300 291 3350 been
304 3300 345 3349 sor
360 3315 428 3350 some
445 3302 506 3350 time
522 3299 566 3350 the
581 3299 690 3364 practice
706 3300 732 3348 in
751 3299 793 3348 the
813 3299 911 3347 Roman
927 3297 1019 3346 church
1034 3302 1061 3346 to
1077 3296 1165 3346 ordain

172 3381 266 3446 singers
284 3398 311 3431 as
330 3383 443 3443 dcacons,
464 3382 514 3441 and
530 3382 581 3432 still
598 3389 625 3432 to
642 3381 741 3446 employ
757 3381 825 3430 them
841 3388 867 3432 to
879 3379 960 3440 charit,
975 3379 1024 3429 and
1035 3395 1068 3429 no
1079 3380 1165 3442 longer
1240 3369 1244 3384 ’
