2592 3834
149 209 205 266 128
243 224 318 274 sna
333 226 510 274 sacoaras
523 228 547 275 A
565 225 745 275 Nonam>
761 226 910 276 nonnus
924 227 1030 276 arca.
1074 206 1141 288 [1V1

145 351 318 410 denotarum
331 351 509 426 perplurium
523 347 616 410 mater
628 351 711 427 uirgo
725 363 753 410 et
768 351 907 427 exemplis
929 351 1006 412 uitae
1026 354 1131 412 caeles-

145 447 181 506 tis
210 466 273 506 esse
300 448 399 522 coepit
426 460 455 506 et
482 447 609 506 monitis.
652 447 689 506 de
714 466 773 522 qua
794 450 890 507 serunt
913 447 989 523 quia,
1014 469 1050 508 ex
1071 468 1130 525 quo

145 544 353 602 monasterium
370 544 461 619 petiit,
479 563 642 619 numquam
661 543 745 602 lineis
764 545 816 602 sed
831 546 925 602 solum
940 545 1031 604 laneis
1045 546 1131 605 uesti-

147 639 253 698 mentis
280 638 322 698 uti
349 641 483 709 uoluerit,
511 659 636 715 raroque
668 639 697 697 in
732 641 833 700 calidis
865 642 985 713 balneis,
1018 655 1131 718 praeter

145 735 355 795 inminentibus
393 737 552 795 sollemniis
583 736 741 796 maioribus
768 736 850 796 uerbi
881 738 971 813 gratia
1002 741 1129 813 paschae
1164 763 1179 822 5

145 843 329 906 pentecostes
351 832 533 908 epiphaniae,
559 833 650 891 lauari
672 834 805 907 uoluerit,
829 845 858 892 et
880 845 951 893 tnnc
970 834 1131 893 nouissima

145 926 285 997 omnium,
308 927 374 986 lotis
394 930 472 1002 prius
494 948 546 987 suo
571 947 747 1003 suarumque
769 929 964 988 ministrarum
989 929 1131 1004 obsequio

146 1022 249 1080 ceteris
263 1043 337 1098 quae
352 1024 393 1082 ibi
407 1036 505 1083 essent
524 1024 640 1084 famulis
663 1023 786 1095 Christi;
807 1043 872 1083 raro
890 1035 1004 1101 praeter
1021 1025 1132 1084 maiora

146 1120 299 1178 sollemnia
322 1123 370 1180 uel
394 1121 530 1180 artiorem
550 1119 754 1179 necessitatem
771 1121 836 1196 plus
856 1140 944 1196 quam
967 1122 1057 1180 semel
1071 1140 1132 1197 vper

147 1215 226 1274 diem
246 1217 480 1289 manducauerit3
501 1235 623 1292 semper,
639 1217 671 1275 -si
689 1236 750 1274 non
770 1216 920 1274 infirmitas
934 1215 1048 1291 grauior
1068 1233 1131 1289 pro
1147 1240 1182 1278 10

146 1311 296 1383 hibuisset,
319 1331 355 1370 ex
376 1323 507 1387 ternpore
529 1312 688 1372 matutinae
707 1331 848 1388 synaxeos
866 1330 958 1386 usqne
977 1313 1014 1369 ad
1035 1321 1131 1370 ortum

146 1407 205 1465 diei
219 1409 248 1465 in
264 1407 386 1465 ecclesia
400 1406 535 1481 precibus
551 1407 664 1465 intenta
684 1406 846 1482 perstiterit.
890 1417 957 1465 sunt
974 1405 1062 1464 etiam
1081 1407 1132 1482 qui

146 1501 245 1560 dicant
259 1502 328 1577 qnia
342 1521 393 1578 per
406 1501 575 1578 prophetiae
590 1502 723 1578 spiritum
738 1513 767 1561 et
781 1500 978 1578 pestilentiam
992 1521 1051 1577 qua
1068 1501 1132 1576 ipsa

147 1608 223 1655 esset
243 1597 380 1656 moritura
400 1597 581 1675 praedixerit,
603 1609 632 1656 et
651 1617 804 1656 numerum
821 1617 939 1673 qnoque
958 1618 1066 1670 eorum,
1082 1596 1132 1672 qui

147 1697 185 1754 de
204 1713 257 1752 suo
276 1695 453 1752 monasterio
477 1695 532 1752 hac
557 1706 655 1753 essent
677 1695 715 1754 de
739 1695 851 1753 mundo
873 1693 1014 1769 rapiendi,
1035 1696 1131 1768 palam
1147 1712 1180 1772 15

147 1789 260 1850 cunctis
278 1790 478 1866 praesentibus
495 1789 679 1849 intimauerit.
721 1801 803 1866 rapta
818 1801 861 1849 est
875 1801 973 1848 antem
988 1791 1024 1848 ad
1040 1789 1131 1848 domi-

147 1904 218 1943 num
237 1885 268 1942 in
290 1885 389 1943 medio
412 1904 530 1942 suorum
553 1896 621 1960 post
644 1905 738 1943 annos
762 1883 803 1942 nii
828 1904 864 1943 ex
887 1870 957 1960 quo¹
970 1883 1132 1942 abbatissae

147 1983 271 2056 gradum
284 1994 459 2056 susceperat,
475 1994 503 2040 et
515 1993 652 2057 aequent
665 1981 728 2058 ipsa
741 1980 871 2046 iusserat,
886 2000 945 2039 non
960 1979 1029 2039 alibi
1043 2000 1132 2055 quam

148 2077 179 2135 in
203 2078 302 2136 medio
326 2096 435 2147 eorum,
461 2077 541 2135 iuxta
563 2077 696 2136 ordinem
721 2096 781 2152 qno
805 2075 964 2148 transierat,
982 2075 1079 2151 ligneo
1102 2075 1132 2134 in

149 2172 254 2229 locello
269 2174 388 2246 sepulta.
1147 2193 1183 2230 20

209 2266 266 2326 Cui
288 2267 426 2325 successit
443 2266 474 2324 in
496 2266 687 2326 ministerium
707 2266 871 2326 abbatissae
891 2285 972 2325 soror
988 2265 1050 2325 eius
1068 2267 1135 2326 Sex·

149 2363 230 2437 burg,
246 2381 334 2437 quarn
349 2363 488 2420 habuerat
502 2362 533 2419 in
548 2362 703 2436 coniugem
723 2362 921 2421 Earconberct
938 2381 989 2420 rex
1010 2363 1136 2438 Cantua·

149 2455 264 2515 riorum.
308 2469 417 2516 etcum
433 2457 562 2514 sedecim
576 2457 659 2515 annis
675 2467 751 2516 esset
770 2458 890 2532 sepulta,
909 2456 1020 2532 placuit
1039 2451 1135 2516 eidem

150 2551 314 2610 abbatissae
335 2552 425 2610 leuari
446 2572 513 2610 ossa
540 2553 601 2610 eius
629 2564 659 2611 et
686 2552 716 2610 in
743 2552 849 2610 locello
876 2571 955 2610 nouo
983 2552 1078 2627 posita
1105 2553 1135 2610 in

151 2646 305 2704 ecclesiam
319 2647 472 2718 transferri,
487 2647 626 2722 iussitque
646 2647 790 2722 quosdam
808 2665 825 2705 e
843 2646 977 2704 iratribus
998 2665 1135 2721 quaerere
1150 2665 1184 2722 25

151 2741 289 2817 lapidem,
300 2743 336 2800 de
352 2761 411 2816 quo
426 2744 562 2801 locellum
577 2742 608 2800 in
621 2744 678 2800 hoc
692 2744 785 2800 facere
795 2753 924 2818 possent.
955 2743 1006 2820 qui
1017 2762 1137 2802 ascensa

152 2835 229 2908 naui,
244 2835 308 2912 ipsa
321 2837 400 2894 enim
420 2837 500 2912 regio
517 2834 590 2912 Elge
608 2837 740 2912 undique
761 2848 804 2896 est
824 2835 907 2912 aquis
925 2856 960 2895 ac
979 2837 1136 2911 paludibus

152 2931 331 2990 circumdata
344 2951 439 3007 neque
453 2931 566 3006 lapides
581 2932 705 2990 maiores
719 2932 816 3003 habet,
831 2943 976 2990 uenerunt
989 2933 1026 2990 ad
1039 2930 1138 2989 ciuita-

153 3031 244 3087 tulam
272 3030 420 3104 quandam
447 3030 609 3087 desolatam
636 3047 698 3087 non
724 3029 826 3104 procul
850 3027 920 3086 inde
942 3028 1035 3098 sitam,
1061 3046 1137 3102 quae

153 3125 253 3199 lingua
266 3126 429 3200 Anglorum
446 3123 662 3182 Grantacaestir
675 3135 809 3182 uocatur:
831 3133 861 3182 et
877 3141 947 3180 mox
964 3121 1137 3182 inuenerunt
1149 3150 1187 3206 30

153 3223 233 3280 iuxta
246 3241 345 3280 muros
360 3221 484 3280 ciuitatis
499 3222 636 3280 locellum
651 3221 688 3279 de
703 3239 846 3279 marmore
864 3220 931 3279 albo
945 3219 1137 3294 pulcherrime

153 3317 270 3387 factum,
294 3319 434 3394 operculo
457 3336 576 3394 quoque
599 3315 700 3376 similis
723 3314 829 3393 lapidis
851 3313 1001 3392 aptissime
1019 3325 1135 3375 tectum.

547 3444 558 3478 ⁵
573 3447 695 3496 sollemnia
705 3439 750 3497 ms.
