2592 3834
143 207 354 290 concrosron]
386 225 474 276 trsr
493 227 541 277 oa
562 227 692 276 Wonrrs
714 225 942 276 connitum).
1077 222 1131 282 173

192 357 300 432 “Item
318 357 357 416 de
377 356 504 417 historiis
523 368 705 416 sanctorum:
726 356 832 416 librum
849 356 927 415 uitae
946 365 974 414 et
988 351 1132 431 passionis

142 451 235 511 sancti
249 451 354 512 Felicis
368 453 541 513 confessoris
555 456 593 513 de
608 453 729 514 metrico
744 453 858 513 Paulini
873 472 961 529 opere
974 451 1005 510 in
1015 469 1132 527 prosam

141 546 293 621 transtuli3
319 547 425 608 librum
449 548 528 609 uitae
548 559 578 608 et
598 549 743 624 passionis
764 544 1031 618 sancti'Anastasii
1053 545 1130 604 male

142 645 179 704 de
194 646 308 704 Graeco
322 648 494 705 translatum
508 657 537 705 et
558 646 642 722 peius
663 667 681 705 a
701 647 831 722 quodam
853 643 976 720 inperito
997 643 1134 703 emenda·

110 750 213 816 5tum,
235 751 321 817 prout
341 740 424 818 potui
444 743 483 800 ad
504 761 622 800 sensum
643 740 773 815 correxi;
800 741 892 799 uitam
920 738 1014 799 sancti
1040 737 1130 815 patris
1149 722 1151 733 ¹

93 820 98 833 ’
141 835 280 895 monachi
293 837 379 895 simul
393 848 422 896 et
435 838 571 896 antistitis
585 837 752 909 Cudbercti,
768 847 797 896 et
814 836 893 913 prius
906 834 1024 894 heroico
1039 844 1133 894 metro
1166 907 1170 916 ,

141 941 171 991 et
185 934 375 1008 postmodum
389 934 478 1009 plano
492 952 636 1006 sermone,
652 932 799 1010 descripsi.

203 1029 382 1090 ‘Historiam
396 1031 537 1090 abbatum
553 1029 722 1089 monasterii
740 1028 835 1102 huius,
857 1027 888 1086 in
909 1045 969 1103 quo
990 1046 1133 1102 supernae

142 1123 242 1200 pietati
256 1124 403 1184 deseruire
418 1125 543 1202 gaudeo,
559 1124 711 1185 Benedicti
731 1125 872 1186 Ceolfridi
893 1135 922 1184 et
938 1124 1138 1183 Huaetbercti'
1230 1181 1232 1185 .

94 1243 129 1281 10
142 1219 173 1278 in
186 1219 291 1279 libellis
303 1222 428 1280 duobus.

202 1312 383 1374 ‘Historiam
406 1312 631 1375 ecclesiasticam
656 1325 772 1375 nostrae
793 1313 905 1374 insulae
929 1333 964 1373 ac
985 1312 1080 1390 gentis
1101 1312 1133 1373 in

142 1407 222 1468 libris
232 1427 263 1468 u.

203 1505 461 1582 ‘Martyrologium
482 1508 522 1566 de
545 1504 687 1565 nataliciis
708 1515 874 1565 sanctorum
895 1515 1053 1582 martyrum
1074 1505 1133 1566 die·

142 1603 213 1678 bus;
234 1603 264 1661 in
279 1622 339 1679 quo
353 1622 457 1663 omnes
471 1623 546 1680 quos
563 1603 696 1663 inuenire
713 1602 804 1679 potui,
820 1623 881 1662 non
895 1604 992 1662 solum
1009 1603 1133 1680 quadie

96 1718 127 1776 15
143 1718 245 1758 uerum
269 1700 358 1759 etiam
380 1720 440 1776 quo
465 1719 573 1776 genere
600 1699 766 1759 certaminis
794 1701 842 1759 uel
869 1700 924 1760 sub
948 1719 1009 1778 quo
1033 1699 1133 1760 iudice

143 1797 288 1854 mundum
302 1796 434 1870 uicerint,
450 1797 603 1873 diligenter
615 1799 757 1857 adnotare
772 1795 877 1857 studui

204 1892 341 1952 ‘Librum
355 1895 532 1971 hymnorum
546 1894 663 1954 diuerso
678 1906 771 1954 metro
786 1895 848 1956 siue
862 1895 1009 1972 rhythmo,

204 1987 342 2047 ‘Librum
357 1989 599 2066 epigrammatum
613 1990 734 2050 heroico
748 2001 843 2050 metro
857 1991 919 2049 siue
934 1991 1071 2068 elegiace.

205 2086 269 2144 ‘De
296 2096 399 2145 natura
421 2107 518 2146 rerum
546 2097 575 2147 et
602 2088 640 2146 de
668 2089 849 2165 temporibus
875 2088 965 2148 libros
990 2087 1118 2164 singulos
1124 2110 1133 2162 3

94 2206 130 2245 20
143 2181 213 2241 item
228 2184 266 2242 de
279 2183 460 2259 temporibus
474 2184 581 2243 librum
596 2184 767 2244 imaiorem.

205 2279 342 2339 ‘Librum
357 2282 394 2340 de
409 2281 616 2357 orthographia
629 2280 778 2357 alphabeti
793 2280 896 2342 ordine
911 2279 1090 2340 distinctum.

204 2380 299 2436 ‘Item
312 2378 418 2437 librum
433 2380 471 2438 de
484 2377 605 2437 metrica
618 2389 688 2452 arte,
704 2389 733 2438 et
746 2377 815 2436 huic
828 2377 976 2437 adiectum
990 2375 1080 2436 alium
1094 2377 1133 2436 de

143 2473 340 2532 schematibus
361 2473 425 2532 siue
443 2473 534 2548 tropis
552 2473 692 2545 libellum,
708 2474 766 2532 hoc
785 2483 829 2531 est
849 2474 887 2532 de
907 2471 1005 2548 figuris
1026 2471 1133 2532 modis-

142 2586 201 2643 que
214 2568 396 2628 locutionum
410 2568 517 2646 quibus
530 2567 671 2644 scriptura
684 2577 784 2626 sancta
798 2577 935 2626 contexta
948 2569 1008 2626 est'

93 2755 127 2816 ²5
201 2739 305 2814 Teque
329 2740 478 2816 deprecor,
502 2739 582 2798 bone
609 2739 688 2812 Ιεειι,
710 2747 744 2797 ut
771 2737 819 2797 cui
846 2735 988 2814 propitius
1015 2735 1132 2797 donasti

142 2835 233 2893 uerba
245 2845 313 2894 tuae
327 2835 467 2895 scientiae
483 2835 608 2894 dulciter
625 2834 747 2908 haurire,
769 2836 864 2894 dones
884 2833 972 2892 etiam
986 2833 1129 2910 benignus

142 2931 300 3008 aliquando
314 2933 352 2991 ad
366 2943 395 2990 te
408 2934 521 2992 iontem
535 2931 631 2991 omnis
645 2929 804 3008 sapientiae
818 2930 970 3006 peruenire
983 2939 1014 2990 et
1030 2949 1130 3006 parere

143 3047 257 3104 semper
270 3038 338 3087 ante
352 3027 456 3087 faciem
470 3037 559 3086 tuam.

196 3191 340 3236 nxrtrcrr
357 3192 484 3236 nonrno
502 3192 638 3236 rvvnnrn
657 3192 750 3235 arnan
768 3191 900 3246 ernrvs
919 3191 1088 3235 irrsronrnr
1115 3175 1117 3180 '

92 3294 129 3352 30
348 3289 602 3333 accrasrnsrrcnn
623 3289 735 3334 cnnrrs
755 3288 936 3332 nnoronvn.

333 3399 352 3433 ¹¹
370 3402 471 3452 albabeti
479 3417 523 3453 ms.
762 3399 784 3436 ’θ
799 3402 883 3452 aurire
893 3417 938 3452 ms.
