2592 3834
168 247 224 320 276
389 264 465 312 arra
485 264 620 313 ooorar
644 265 692 313 or
712 266 788 314 THE
808 266 914 325 rasos.
1092 250 1157 331 [ΠΙ

165 395 268 437 contra
278 404 362 453 quem
372 390 626 440 conluctationem
638 396 858 442 controuersiae
869 401 897 442 et
906 392 1082 442 iudiciorum
1093 394 1159 447 eius

165 468 194 515 in
210 467 273 515 uita
289 472 353 515 mea‘
368 483 427 516 non
443 468 521 517 sacia
537 484 590 518 uec
606 469 788 519 facientibus
805 468 984 520 consentio!

214 548 234 596 P
251 549 287 605 76
306 560 318 607 7
336 560 484 597 eouvnnns
496 561 514 597 v
525 565 569 616 9p
584 565 626 612 ¹9¹
640 551 649 599 l
664 564 691 612 15
703 567 746 616 seq
759 552 785 601 S.

231 663 249 687 ,‚
287 643 317 677 10
333 638 423 676 ΕτΙΑΜ
448 626 519 691 ‘yes.'
551 640 570 675 v
593 645 606 678 a
628 628 696 692 John
717 630 746 677 of
765 629 883 692 Beverley
904 635 930 677 to
952 644 968 676 a
987 628 1064 677 dumb
1083 645 1157 679 man:

168 707 252 755 ‘dicito
262 706 363 769 aliquod
370 708 477 767 mium,
490 709 561 756 doato
570 707 620 772 gae’
632 711 728 773 [=yea,
740 710 792 773 yes]
803 711 867 774 quod
875 718 908 758 est
917 711 1004 773 lingua
1016 712 1156 774 Anglomm
1195 722 1214 782 5

165 787 264 834 uerbum
281 786 435 850 adfirmandi
449 796 471 837 et
487 791 655 850 consentanei,
675 793 704 839 id
719 799 753 840 art
769 792 867 841 etiam.
901 802 920 836 v
935 807 950 856 9
967 792 1072 856 (p1911
1087 808 1113 843 11
1128 794 1155 853 S)

163 867 367 931 interrogauitque
376 885 420 926 me,
432 886 467 918 an
477 886 531 918 eram
545 887 679 933 cognoscere
687 880 788 936 possem.
820 872 860 920 aio
875 872 976 921 ‘etiam
986 888 992 921 ε
1009 878 1037 920 tu
1053 888 1076 922 es
1090 874 1156 922 enim

162 943 259 995 Botnt!

227 1059 243 1083 ,‚
282 1037 309 1071 12
328 1036 468 1077 osmnnrvs
479 1039 499 1074 v
511 1042 538 1077 or
554 1027 581 1091 (p
589 1027 636 1081 216
646 1029 655 1077 l
666 1046 678 1078 2
688 1029 717 1089 S)
729 1029 837 1078 Ceolsrid
848 1030 966 1079 clenched
977 1030 1016 1079 his
1027 1040 1156 1095 argument

162 1102 222 1150 with
241 1102 283 1151 the
300 1119 368 1152 same
384 1106 473 1168 appeal
489 1114 516 1155 to
531 1108 598 1171 hope
614 1109 663 1156 and
680 1109 731 1157 sear
743 1109 769 1156 in
783 1109 822 1157 his
836 1109 908 1159 letter
922 1118 948 1159 to
965 1111 1008 1159 the
1026 1112 1107 1161 Picts:
1123 1114 1156 1161 sic
1177 1133 1215 1171 10

161 1184 226 1233 enim
229 1183 267 1245 fit
276 1188 305 1229 ut
308 1188 365 1244 post
373 1190 489 1245 acceptam
501 1186 638 1248 temporalis
651 1187 723 1249 regni
730 1187 865 1251 potentiam
882 1188 947 1250 ipse
963 1188 1156 1239 beatissimus

162 1259 365 1326 apostolorum
387 1261 526 1324 princeps
549 1263 691 1312 caelestis
714 1280 831 1328 quoque
853 1267 935 1329 regni
959 1267 1017 1315 tibi
1037 1269 1156 1333 tuisque

162 1354 229 1388 cum
245 1338 354 1387 ceteris
370 1337 477 1386 electis
493 1339 590 1387 libens
606 1342 719 1404 pandat
736 1344 905 1393 introitum.
923 1346 940 1393 h
957 1362 973 1393 a
995 1362 1021 1396 ιι
1043 1347 1111 1409 (end)
1130 1349 1160 1399 of

161 1418 280 1467 Benedict
293 1416 336 1479 (ob
349 1432 377 1465 η
387 1417 436 1479 Jan
447 1415 505 1481 690)
515 1420 620 1482 sepultus
630 1422 657 1468 in
669 1422 758 1471 ecclesia
769 1423 831 1471 beati
841 1424 942 1486 apostoli
951 1426 1024 1482 Petri,
1037 1433 1072 1486 ut,
1086 1444 1155 1490 quem

160 1496 244 1558 degens
259 1496 288 1543 in
303 1512 378 1544 carno
391 1504 482 1559 semper
494 1498 579 1545 solebat
590 1515 681 1559 amare,
696 1517 752 1565 quo
770 1503 920 1565 pandente
938 1504 1054 1553 ianuam
1072 1508 1155 1569 regni
1174 1516 1211 1576 15

160 1573 299 1623 caelestis
315 1572 452 1633 intrabat,
465 1574 496 1622 ab
506 1574 580 1622 taius
590 1577 697 1639 reliquiis
707 1586 729 1626 et
737 1580 815 1627 altari
824 1586 880 1643 post
893 1589 991 1629 martem
1009 1600 1050 1631 nec
1062 1593 1158 1648 corpore

160 1654 256 1715 longius
266 1652 357 1699 abesset.
394 1652 429 1700 So
440 1652 560 1701 Aldhelm
569 1654 605 1713 (in
618 1656 696 1704 Bonis
701 1672 718 1719 p
731 1670 761 1717 30
775 1658 848 1721 Jaffe)
864 1660 887 1707 si
900 1676 954 1723 ergo
967 1662 1038 1709 Petro
1054 1662 1156 1712 claues

160 1729 300 1779 caelestis
316 1728 399 1791 regni
409 1744 425 1774 a
440 1729 536 1776 Christo
547 1732 654 1779 conlatae
663 1740 728 1793 sunt,
742 1735 770 1782 de
780 1752 826 1799 quo
832 1743 901 1800 pocta
914 1739 1044 1798 [Aldhelm
1056 1741 1159 1791 himself

159 1810 192 1857 de
202 1807 250 1855 aris
258 1808 352 1855 Mariae
364 1818 385 1854 11
399 1807 425 1866 a]
435 1808 484 1855 ait.-
501 1808 645 1871 ‘clauiger
655 1813 812 1872 aetherius,
823 1826 936 1879 portam
949 1818 999 1881 qui
1010 1820 1114 1882 pandit
1125 1820 1156 1869 in

159 1882 279 1943 aethra‚'
289 1884 350 1947 quis,
364 1886 468 1931 ecclesiae
475 1886 526 1932 eius
535 1894 626 1948 statuta
631 1890 783 1953 principalia
792 1900 906 1955 spernens
915 1902 937 1943 et
946 1896 1069 1945 doctrinae
1083 1914 1154 1947 mon·
1171 1915 1212 1955 20
1288 1919 1292 1929 ·

158 1964 217 2010 data
235 1968 391 2019 contemnens,
408 1970 457 2025 per
471 1964 609 2013 caelestis
625 1969 757 2029 paradisi
773 1979 887 2034 portam
900 1974 1100 2035 gratulabundus
1115 1978 1154 2026 in·

157 2042 282 2104 gradituri
301 2047 324 2089 et
339 2042 362 2087 si
377 2042 426 2103 ipse
441 2049 618 2104 potestatem
638 2047 752 2111 ligandi
771 2058 860 2115 atque
877 2056 1077 2104 monarchiam
1095 2057 1155 2105 sol-

158 2119 244 2167 uendi
260 2118 290 2166 in
306 2118 390 2167 caelo
406 2126 434 2167 et
453 2120 483 2168 in
502 2128 580 2169 terra
596 2123 679 2173 felici
694 2135 773 2177 sorte
788 2136 815 2177 et
830 2133 975 2193 peculiari
990 2137 1154 2202 priuilegio

159 2198 294 2259 accipere
317 2198 490 2260 promeruit,
516 2201 591 2262 quis,
616 2205 766 2266 paschalis
790 2208 859 2257 festi
882 2214 1013 2275 regulam
1036 2224 1065 2266 et
1090 2225 1155 2267 ton·

158 2290 242 2322 surae
259 2275 409 2323 Romanae
425 2277 514 2323 ritum
530 2280 674 2339 refutans,
691 2287 1152 2347 nonpotiussestrtcasnexiousimr-
1169 2310 1207 2369 25

158 2354 299 2401 tricabiliter
307 2354 461 2415 obligandum
473 2372 547 2417 quam
558 2359 683 2408 clementer
691 2363 859 2415 absoluendum
872 2371 992 2419 ullatmus
1003 2375 1154 2425 arbitretur?

157 2430 221 2494 Jaffe'
231 2448 332 2480 monum
345 2434 418 2481 Carol
430 2435 497 2493 (Berl
511 2435 581 2510 1867)
596 2453 633 2497 14.
648 2438 748 2491 16-18.
785 2461 850 2509 pope
866 2448 959 2497 Martin
971 2462 981 2497 1
993 2450 1019 2498 in
1031 2451 1152 2503 Batonius

159 2508 206 2570 646
219 2527 249 2560 ao
261 2512 332 2559 donec
342 2511 459 2559 iudiciario
470 2514 499 2561 de
511 2530 536 2561 eo
549 2524 644 2567 nostrae
657 2525 794 2583 apostolicae
806 2531 963 2589 auctoritatis,
978 2532 1021 2579 hoc
1035 2540 1069 2581 est
1078 2534 1153 2597 prin·

158 2588 216 2650 cipis
231 2591 388 2652 apostolorum
405 2594 479 2653 Patri,
493 2605 620 2658 cognoscat,
634 2606 711 2661 utpote
724 2604 839 2677 qponiam
857 2608 921 2654 solus
933 2616 955 2657 ct
963 2617 1028 2672 prae
1041 2613 1155 2661 omnibus

157 2669 303 2717 creditatest
312 2677 382 2731 atque
392 2672 494 2733 accipere
503 2676 591 2721 nterioit
600 2693 616 2723 a
627 2690 679 2738 rege
693 2693 776 2739 regum
791 2682 886 2729 Christo
896 2685 936 2732 deo
951 2686 1052 2736 claues
1068 2691 1153 2753 regni
1167 2708 1206 2765 30

158 2746 307 2795 caelorum
321 2747 358 2795 ad
372 2751 566 2811 aperiendum
579 2763 658 2802 recte
673 2756 862 2809 credentibus
877 2763 907 2811 in
918 2766 1042 2815 eundem
1057 2768 1152 2817 domi·

157 2840 224 2872 num
241 2835 374 2873 nostrum
391 2834 420 2874 et
436 2828 631 2878 claudendum
651 2832 828 2887 infidelibus
848 2840 1015 2895 haereticis.
1064 2848 1153 2899 Gildas

158 2902 182 2949 in
197 2903 277 2950 MHB
290 2909 331 2965 33ο
345 2903 556 2954 clauicularius
570 2908 622 2956 ille
638 2911 792 2964 caelorum.
811 2918 863 2967 ibid
877 2928 926 2983 45⁶.
960 2925 1065 2989 Ebrard,
1081 2932 1152 2983 Rett.

158 2981 218 3043 berg
232 2982 282 3029 and
299 2981 402 3028 Wemer
416 2982 565 3039 (Bonisacius
579 2987 655 3051 Leipz
671 2992 730 3053 1875
746 2993 783 3055 36.
800 3009 838 3058 37.
854 2988 911 3061 104)ἱ
922 3001 985 3055 have
998 3007 1084 3058 shewn
1097 3011 1152 3062 that

158 3058 200 3106 the
222 3059 314 3107 British
331 3059 422 3106 church
441 3064 597 3122 represented
615 3066 727 3127 spiritual
747 3072 857 3124 ireedom
878 3095 906 3127 as
927 3098 960 3147 op

157 3137 269 3187 absolute
280 3138 413 3201 monarchy
424 3140 634 3192 and'mechanical
644 3150 710 3209 good
721 3154 803 3202 works
814 3157 843 3205 of
851 3159 938 3211 Rome.

962 3089 1040 3149 posed
1062 3098 1088 3141 to
1108 3095 1151 3145 the
1165 3114 1203 3172 35
