2592 3834
165 216 205 269 40
439 211 537 261 cora
560 210 608 259 on
624 210 649 259 A
672 207 883 259 narmoniae.
1093 185 1163 269 [111

165 364 184 403 a
208 344 327 404 diabolo
351 354 482 420 arreptus
509 346 636 405 clamare
658 342 797 404 dentibus
817 340 951 401 frendere
973 356 1108 415 spumare
1130 350 1162 399 et

166 439 289 499 diuersis
305 438 433 499 motibus
450 440 549 517 coepit
567 442 700 499 membra
718 448 862 514 torquere,
904 454 1032 513 cumque
1045 454 1064 493 a
1075 436 1160 495 nullo

167 536 215 594 nel
237 534 329 594 teneri
351 536 399 593 uel
419 533 500 611 ligari
519 534 672 611 potuisset,
692 533 819 594 cucurrit
840 533 973 593 minister
991 545 1021 593 et
1039 533 1162 609 pulsans

167 629 205 687 ad
230 628 338 702 ostium
362 628 507 688 nuntiauit
533 629 708 689 abbatissae.
750 640 781 688 at
804 628 855 687 illa
881 630 1014 704 aperiens
1040 627 1161 686 ianuam

167 726 336 784 monasterii
353 726 442 785 exiuit
460 726 524 802 ipsa
541 746 609 785 cum
627 745 688 785 una
704 724 969 785 sanctimonialium
986 724 1163 784 seminamm
1203 737 1220 794 5

166 824 207 883 ad
227 825 327 883 locum
348 823 485 891 uirorum,
505 834 535 882 et
553 841 683 882 euocans
695 819 904 899 'presbyterum
925 821 1039 898 rogauit
1058 840 1163 881 secum

168 918 269 977 uenire
287 918 327 977 ad
344 918 514 997 patientem.
566 917 617 977 ubi
638 937 708 977 cum
727 917 880 977 uenientes
899 914 1034 976 uiderent
1052 918 1164 977 multos

154 1012 297 1073 'adfuisse
319 1013 370 1089 qui
393 1024 532 1073 uexatum
559 1024 659 1073 tenere
681 1024 712 1072 et
735 1024 832 1072 motus
857 1012 919 1072 eius
941 1011 1060 1071 insanos
1081 1031 1165 1071 com-

167 1111 294 1189 primere
313 1113 412 1171 conati
433 1126 620 1189 nequaquam
640 1112 789 1182 ualebant‚
811 1110 928 1169 dicebat
945 1111 1096 1186 presbyter
1113 1117 1165 1168 ex'-

168 1208 309 1270 orcismos
328 1220 358 1269 et
377 1228 511 1286 quaeque
526 1218 640 1284 poterat
659 1226 713 1283 pro
731 1207 864 1267 sedando
878 1206 975 1266 miseri
988 1208 1083 1266 furore
1096 1226 1165 1283 age
1181 1226 1221 1264 10

169 1307 227 1365 bat.
281 1305 334 1364 sed
361 1323 418 1364 nec
444 1304 508 1380 ipse
535 1302 671 1379 quamuis
697 1303 823 1361 multum
855 1303 993 1361 laborans
1019 1302 1165 1377 proficere

170 1400 281 1476 aliquid
294 1402 420 1460 ualebat.
463 1418 592 1475 cumque
609 1398 652 1458 nil
670 1399 771 1458 salutis
789 1398 897 1458 furenti
916 1418 1067 1475 superesse
1081 1398 1166 1459 uide-

170 1506 256 1567 retur,
271 1506 391 1573 repente
411 1493 494 1554 uenit
512 1494 542 1553 in
561 1505 693 1554 mentem
713 1493 879 1553 abbatissae
897 1494 993 1569 puluis
1011 1494 1060 1554 ille
1080 1514 1165 1571 prae-

170 1592 246 1648 fatus
274 1591 430 1665 statimque
457 1588 526 1649 iusit
552 1588 593 1648 ire
621 1588 783 1648 ministram
806 1600 837 1648 et
858 1590 1018 1666 capsellam
1044 1588 1076 1649 in
1103 1608 1166 1665 qua

170 1697 233 1746 erat
248 1687 402 1746 adducere.
445 1697 556 1745 etcum
575 1685 625 1744 illa
643 1686 778 1746 adferens
796 1706 872 1763 quae
891 1687 969 1746 iussa
983 1698 1028 1747 est
1041 1686 1163 1748 intraret
1182 1705 1218 1763 15

170 1781 276 1841 atrium
300 1782 406 1841 domus
433 1780 463 1839 in
491 1780 573 1841 cuius
601 1781 785 1842 interioribus
812 1783 1022 1844 daemoniosus
1049 1795 1166 1860 torque-

170 1878 264 1950 batur,
287 1877 428 1936 conticuit
444 1876 493 1935 ille
512 1877 610 1936 subito
629 1888 659 1936 et
677 1876 761 1953 quasi
780 1877 810 1936 in
828 1898 965 1938 somnum
984 1880 1096 1939 laxatus
1115 1881 1166 1939 de·

171 1974 269 2050 posuit
290 1984 388 2049 caput,
406 1973 538 2045 membra
558 1973 589 2032 in
610 1973 739 2049 quietem
760 1974 859 2034 omnia
878 1974 1052 2050 composuit
1094 1993 1166 2035 con·

172 2070 281 2129 ticuere
310 2088 412 2128 omnes
436 2068 600 2144 intentique
624 2088 677 2128 ora
700 2070 851 2142 tenebant,
873 2089 963 2147 quem
985 2089 1031 2129 res
1052 2071 1165 2131 exitum

171 2166 294 2225 haberet
320 2162 437 2224 solliciti
464 2173 675 2239 exspectantes
718 2175 749 2223 et
769 2175 838 2241 post
864 2165 1046 2241 aliquantum
1073 2167 1166 2227 horae
1180 2185 1223 2223 20

173 2261 299 2339 spatium
317 2259 426 2320 resedit
445 2258 495 2336 qui
513 2260 676 2319 uexabatur
693 2268 724 2319 et
741 2261 867 2337 grauiter
885 2261 1032 2337 suspirans
1048 2263 1164 2322 ‘modo’

169 2357 267 2433 inquit
291 2361 411 2415 ‘sanum
434 2354 524 2431 sapi0‚
548 2355 646 2432 recepi
668 2355 748 2416 enim
770 2375 887 2416 sensum
909 2357 1000 2416 animi
1016 2358 1095 2419 mei'
1135 2372 1167 2420 at

172 2453 214 2512 illi
242 2452 346 2511 sedulo
374 2450 596 2510 sciscitabantur
622 2453 777 2526 quomodo
803 2454 862 2511 hoc
885 2452 1061 2528 contigisset
1113 2454 1167 2530 qu'i

173 2548 230 2607 ait:
260 2552 348 2606 ‘mox
365 2558 398 2606 ut
416 2546 499 2621 uirgo
522 2547 595 2606 haec
617 2566 685 2606 cum
706 2548 834 2623 capsella
851 2565 939 2622 quam
959 2548 1095 2622 portabat
1116 2549 1168 2608 ad·

172 2642 380 2720 propinquauit
400 2640 473 2700 atrio
494 2642 600 2701 domus
620 2641 716 2715 huius,
737 2644 896 2703 discessere
920 2661 1024 2701 omnes
1045 2641 1096 2719 qui
1115 2662 1166 2703 me
1181 2658 1215 2719 25

173 2740 347 2815 premebant
374 2737 489 2814 spiritus
516 2738 637 2815 maligni
660 2749 689 2801 et
712 2758 760 2798 me
784 2738 885 2797 relicto
912 2757 1059 2814 nusquam
1086 2757 1167 2799 com·

173 2824 349 2910 paruerunt!
394 2845 466 2893 tunc
486 2833 568 2894 dedit
588 2834 616 2894 ei
636 2835 787 2895 abbatissa
807 2834 1023 2911 portiunculam
1044 2836 1082 2895 de
1102 2836 1167 2911 pul·

173 2950 242 2991 uere
262 2930 321 3004 illo,
345 2942 374 2991 et
398 2930 440 2991 sic
465 2932 534 2990 data
561 2916 694 2991 oratione
715 2951 734 2990 a
754 2933 924 3008 presbytero
944 2940 1064 2991 noctem
1083 2931 1166 2991 illam

174 3028 383 3104 quietissimam
398 3026 482 3088 duxit
491 3048 500 3101 3
519 3046 617 3103 neque
635 3027 746 3103 aliquid
765 3047 802 3087 ex
820 3046 858 3087 eo
876 3036 1009 3102 tempore
1028 3026 1167 3088 nocturni

174 3122 285 3183 timoris
299 3134 350 3182 aut
364 3122 526 3182 uexationis
541 3125 579 3183 ab
593 3122 717 3198 antiquo
730 3123 816 3183 hoste
830 3121 956 3199 pertulit
1179 3141 1220 3197 30

365 3252 386 3284 ²²
402 3254 475 3317 recipi
484 3270 530 3303 ms.
676 3252 698 3285 ¹⁴
713 3252 916 3318 adpropinquabit
924 3268 969 3303 ms·
994 3248 997 3251 ⁴
