2592 3834
142 233 192 316 24]
323 242 459 300 arnas
477 251 600 300 arrrrr
618 251 701 300 aasz>
722 247 952 301 EDUCATJON.
1076 250 1129 309 171

138 377 237 439 nensis
248 377 573 452 ecclesiaeAedilbaldo
587 399 655 456 rege
667 378 846 440 Merciorum
856 400 895 439 xu
903 379 1008 457 agente
1022 380 1132 441 annum

139 493 251 550 rnpenr.

216 761 299 820 AEC
320 759 358 819 de
373 756 494 818 historia
512 755 710 818 ecclesiastica
730 757 934 820 Brittaniamm
956 771 986 821 et
1005 761 1132 823 maxime
1168 771 1169 779 ’

260 857 358 934 gentis
385 857 559 933 Anglorum,
580 867 668 933 prout
691 859 740 916 uel
762 877 800 916 ex
819 856 929 917 litteris
943 857 1131 935 antiquorum

110 977 126 1035 5
139 956 189 1014 uel
203 973 240 1014 ex
252 953 411 1014 traditione
424 951 568 1011 maiorum
584 953 633 1011 uel
652 971 689 1012 ex
708 972 774 1012 mea
792 953 856 1029 ipse
874 953 1043 1030 cognitione
1057 957 1132 1016 scire
1187 962 1190 970 “

140 1049 231 1127 potui,
253 1048 376 1109 domino
399 1049 556 1109 adiuuante
578 1048 686 1125 digessi
707 1051 806 1109 Baeda
826 1052 952 1110 famulus
973 1051 1083 1112 Christi
1104 1064 1134 1113 et

139 1149 290 1226 presbyter
312 1146 481 1206 monasterii
499 1148 655 1206 beatorum
676 1148 877 1223 apostolorum
898 1149 977 1207 Petri
997 1159 1028 1208 et
1049 1148 1134 1208 Pauli

140 1245 224 1320 quod
237 1252 283 1312 est
296 1242 335 1300 ad
348 1241 547 1301 Viuraemuda
560 1253 590 1301 et
604 1230 773 1318 Ingyruurir.

202 1338 263 1414 Qui
275 1349 362 1396 natus
378 1337 409 1396 in
429 1336 572 1413 territorio
592 1337 726 1397 eiusdem
747 1335 924 1411 monasterii,
947 1357 1016 1398 curn
1037 1358 1133 1400 essem

94 1457 129 1495 ro
141 1454 286 1494 annorum
300 1446 421 1511 septem,
437 1452 506 1492 cura
521 1434 753 1510 propinquorum
774 1434 860 1492 datus
878 1453 943 1494 sum
962 1435 1134 1495 educandus

141 1528 377 1590 reuerentissimo
390 1527 491 1588 abbati
505 1528 666 1587 Benedicto
681 1547 717 1587 ac
737 1527 847 1588 deinde
863 1527 1027 1589 Ceolfrido:
1048 1549 1135 1588 cunc-

142 1640 265 1704 tumque
279 1645 363 1686 exeo
374 1636 490 1701 tempus
501 1623 579 1684 uitae
589 1623 620 1683 in
632 1623 764 1684 eiusdem
775 1624 943 1684 monasterii
954 1624 1135 1686 habitatione

142 1743 284 1801 peragens
298 1742 418 1784 omnem
438 1721 616 1781 meditandis
637 1719 784 1798 scripturis
805 1739 924 1797 operam
946 1720 1024 1796 dedi,
1045 1733 1134 1798 atque

142 1819 218 1879 inter
233 1817 450 1880 obseruantiam
472 1816 643 1893 disciplinae
664 1815 801 1893 regularis
822 1827 850 1875 et
872 1815 1052 1875 cotidianam
1066 1836 1134 1875 can-

96 1935 128 1992 15
142 1915 226 1975 tandi
239 1915 270 1974 in
288 1913 411 1974 ecclesia
426 1932 526 1972 curam
546 1931 663 1988 semper
681 1923 732 1971 aut
753 1912 864 1972 discere
885 1922 935 1971 aut
956 1914 1062 1973 docere
1084 1924 1134 1972 aut

143 2010 269 2071 scribere
283 2011 370 2069 dulce
384 2007 482 2070 habui.

202 2105 411 2166 Nonodecimo
424 2115 523 2164 autem
540 2103 619 2163 uitae
636 2122 721 2163 meae
739 2123 818 2162 anno
836 2102 1035 2177 diaconatum,
1050 2105 1135 2167 trice·

144 2203 219 2264 simo
253 2205 375 2281 gradum
408 2203 632 2278 presbyteratus,
665 2212 822 2276 utrumque
859 2220 912 2277 per
942 2201 1135 2262 ministerium

144 2298 369 2360 reuerentissimi
395 2297 526 2375 episcopi
549 2297 691 2358 Iohannis
715 2298 835 2357 iubente
858 2299 1008 2360 Ceolfrido
1029 2299 1136 2360 abbate

95 2421 138 2482 20.
145 2395 269 2473 suscepi.

168 2502 170 2505 ’
205 2497 251 2554 Ex
263 2512 324 2570 quo
337 2501 470 2568 tempore
483 2489 598 2568 accepti
615 2490 831 2568 presbyteratus
850 2509 945 2570 usque
965 2493 1004 2554 ad
1024 2511 1135 2553 annum

145 2592 248 2653 aetatis
267 2609 352 2650 meae
370 2588 442 2650 luiiii
462 2589 536 2648 haec
556 2587 588 2650 in
608 2587 780 2664 scripturam
801 2599 933 2648 sanctam
953 2609 1037 2650 meae
1057 2610 1138 2651 meo·

145 2706 269 2764 rumque
280 2684 446 2746 necessitati
456 2703 493 2744 ex
506 2682 655 2760 opusculis
665 2683 876 2744 uenerabilium
887 2694 1002 2761 patrum
1010 2685 1138 2747 breuiter

146 2784 286 2843 adnotare
307 2780 370 2840 siue
390 2780 478 2840 etiarn
502 2780 541 2838 ad
563 2780 689 2838 formam
713 2797 816 2838 sensus
838 2789 867 2839 et
891 2779 1137 2857 interpretationis

96 2897 111 2934 2
115 2895 130 2953 5
146 2899 249 2940 eorum
262 2876 464 2955 superadicere
477 2875 585 2936 curaui

206 2977 268 3033 ‘In·
281 2971 456 3050 principium
476 2970 599 3049 genesis,
620 2972 774 3047 usquead
794 2969 978 3032 natiuitatem
999 2974 1083 3034 Isaac
1107 2983 1137 3034 et

145 3069 302 3131 iectionem
317 3067 480 3140 Ismahelis,
493 3066 583 3126 libros
597 3065 646 3127 iiii.

206 3167 271 3224 ‘De
291 3163 480 3223 tabernaculo
500 3173 530 3222 et
549 3161 627 3221 uasis
651 3161 714 3222 eius
736 3181 773 3223 ac
798 3161 931 3223 uestibus
952 3166 1137 3225 sacerdotum

144 3263 234 3323 libros
247 3261 285 3322 iii.

94 3376 133 3433 30
206 3361 260 3418 ‘In
274 3357 398 3435 primam
411 3367 524 3435 partem
542 3355 714 3433 samuhelis,
730 3356 761 3417 id
780 3367 824 3418 est
841 3375 937 3436 usque
955 3357 993 3418 ad
1012 3368 1136 3419 mortem
1235 3341 1240 3352 x

145 3454 247 3528 Saulis,
261 3454 351 3514 libros
364 3453 403 3513 iii.
589 3456 592 3460 ’
