2592 3834
150 219 206 289 Ῑ46
387 229 566 282 enarrarem
589 230 637 279 or
653 226 898 278 ADAMNANUS.
1077 203 1134 289 [lv
1189 275 1192 282 ¹

146 362 292 423 accedens
305 381 374 439 ergo
388 363 426 421 ad
440 363 623 422 sacerdotem
636 379 655 419 a
669 378 728 436 quo
743 357 798 418 sibi
812 357 948 434 sperabat
961 354 1016 416 iter
1034 352 1134 416 salutis

146 477 233 534 posse
254 457 454 528 demonstrari,
474 458 624 517 confessus
645 465 689 515 est
704 465 817 514 reatum
836 472 920 512 suurn
939 452 1082 529 petiitque
1101 461 1135 510 ut

147 550 302 610 consilium
319 550 374 610 sibi
394 551 477 609 daret
496 568 556 626 quo
571 558 677 624 -posset
697 550 795 622 fugere
813 566 831 604 a
847 557 970 604 uentura
991 545 1041 604 ira.
1067 543 1134 632 ‘qui

146 647 248 707 audito
275 646 338 706 eius
364 645 524 706 commisso
551 645 641 704 dixit:
677 645 804 721 ‘grande
832 644 941 701 uulnus
973 641 1135 718 grandioris
1178 665 1181 670 ·

147 762 247 802 curam
260 743 403 801 medellae
417 741 563 801 desiderat
571 761 580 813 3
601 750 630 799 et
643 739 713 800 ideo
727 739 842 798 ieiuniis
855 737 974 816 psalmis
988 747 1018 797 et
1032 737 1134 797 oratio·
1170 744 1185 804 5

147 837 243 910 nibus,
263 846 406 912 quantum
429 837 519 908 uales,
542 834 652 906 insiste,
677 854 738 911 quo
761 834 1007 911 praeoccupando
1030 831 1135 893 faciem

147 932 260 993 domini
281 931 312 991 in
335 930 521 991 confessione
543 929 703 1006 propitium
728 949 795 988 eum
823 928 955 988 inuenire
980 925 1137 987 merearis'

148 1039 180 1088 at
202 1028 259 1100 ille,
284 1046 375 1103 quem
398 1024 505 1085 nimius
531 1045 598 1085 reae
626 1023 824 1084 conscientiae
847 1024 966 1082 tenebat
988 1023 1081 1093 dolor,
1107 1033 1137 1082 et

147 1123 268 1184 internis
280 1135 469 1201 peccatorum
482 1120 607 1181 uinculis
622 1121 729 1198 quibus
737 1122 911 1197 grauabatur
924 1120 1007 1180 ocius
1022 1118 1135 1180 deside-

147 1220 229 1279 rabat
248 1218 368 1290 absolui,
392 1216 634 1277 ‘adulescentior'
654 1215 750 1292 inquit
771 1221 849 1276 ‘sum
863 1227 958 1276 aetate
972 1225 1002 1275 et
1015 1225 1136 1292 uegetus
1152 1233 1187 1272 ro
1256 1213 1259 1218 “

148 1316 286 1392 corpore:
327 1298 468 1391 qiricquid
494 1312 567 1372 mihi
592 1312 755 1389 inposueris
788 1314 943 1390 agendum,
972 1312 1136 1371 dummodo
1232 1298 1235 1302 ⁴

148 1414 245 1472 saluus
257 1413 326 1470 fiam
339 1410 370 1469 in
384 1411 432 1471 die
446 1409 568 1482 domini,
583 1419 678 1468 totum
696 1409 781 1469 facile
794 1411 892 1483 feram,
903 1409 991 1469 etiam
1006 1409 1031 1468 si
1044 1419 1135 1468 totam

148 1520 265 1568 noctem
280 1507 386 1566 stando
399 1505 430 1564 in
443 1506 578 1581 precibus
593 1525 739 1582 peragere,
754 1506 779 1565 si
792 1506 933 1584 integram
944 1506 1136 1583 septimanam

148 1605 248 1665 iubeas
271 1603 447 1663 abstinendo
470 1600 645 1678 transigere!
686 1602 737 1678 qui
757 1603 846 1664 dixitr
879 1605 1020 1662 ‘multum
1042 1613 1136 1662 estut

148 1711 211 1759 tota
237 1697 401 1774 septimana
426 1697 538 1772 absque
564 1695 705 1756 alimento
735 1697 864 1773 corporis
893 1699 1050 1773 perdures3
1084 1697 1137 1756 sed
1154 1706 1185 1764 15

149 1796 309 1855 biduanum
329 1794 378 1852 uel
398 1793 566 1851 triduanum
585 1803 629 1851 sat
649 1802 693 1852 est
712 1793 866 1853 obseruare
889 1793 1037 1852 ieiunium.
1079 1793 1137 1850 hoc

148 1891 244 1962 facit0,
268 1891 365 1948 donec
388 1899 455 1964 post
478 1887 629 1947 modicum
653 1899 769 1964 tempus
796 1889 910 1950 rediens
937 1891 973 1949 ad
1002 1900 1039 1962 te,
1065 1889 1136 1966 quid

148 1989 242 2046 sacere
259 1985 367 2044 debeas
381 1995 411 2043 et
424 1983 566 2060 quamdiu
585 1983 782 2060 paenitentiae
795 1984 935 2059 insistere,
950 1985 1003 2046 tibi
1021 1986 1136 2062 plenius

148 2081 321 2141 ostendam!
361 2078 467 2155 quibus
490 2077 576 2138 dictis
596 2090 626 2138 et
650 2079 795 2156 descripta
818 2079 859 2139 illi
882 2100 1017 2140 mensura
1040 2081 1138 2157 paeni·

148 2177 238 2251 tendi,
265 2175 336 2236 abiit
363 2176 507 2247 sacerdos
536 2185 566 2234 et
592 2174 745 2251 ingruente
772 2196 861 2236 causa
894 2177 988 2237 subita
1018 2176 1136 2237 secessit
1151 2201 1188 2241 20

149 2271 324 2332 Hiberniam
350 2272 431 2331 unde
458 2271 600 2348 originem
624 2273 753 2345 duxerat,
782 2292 878 2349 neque
904 2274 979 2332 ultra
1002 2275 1041 2333 ad
1068 2291 1137 2332 eum

148 2367 227 2426 iuxta
253 2385 338 2425 suum
365 2365 537 2426 condictum
563 2366 656 2426 rediit.
705 2379 735 2426 at
761 2367 824 2443 ipse
851 2386 964 2427 memor
989 2367 1138 2444 praecepti

148 2463 211 2522 eius
235 2461 321 2520 simul
346 2472 375 2521 et
396 2461 532 2538 promissi
556 2462 601 2522 sui
621 2473 717 2522 totum
739 2483 770 2522 se
793 2462 918 2522 lacrimis
942 2463 1138 2540 paenitentiae
1230 2518 1233 2528 .

148 2557 253 2633 uigiliis
276 2556 384 2616 sanctis
408 2567 438 2616 et
460 2557 658 2618 continentiae
685 2558 882 2636 mancipauit3
916 2558 956 2618 ita
979 2570 1012 2619 ut
1036 2557 1139 2635 quinta

149 2656 244 2714 solum
266 2653 380 2714 sabbati
401 2663 431 2712 et
455 2653 603 2714 dominica
624 2654 699 2714 sicut
717 2655 848 2731 praedixi
871 2657 1009 2729 reficeret,
1035 2655 1138 2716 ceteris
1153 2677 1187 2736 25

149 2747 328 2824 septimanae
352 2748 455 2809 diebus
478 2749 593 2809 ieiunus
616 2761 807 2826 permaneret.
853 2769 980 2826 cumque
1007 2751 1136 2811 sacerdo

149 2858 209 2904 tem
236 2862 321 2902 suum
349 2843 523 2903 Hiberniam
554 2845 708 2904 secessisse
741 2845 841 2922 ibique
875 2847 1046 2906 defunctum
1073 2866 1138 2907 esse

75 2927 123 2993 «ζ
148 2939 285 3011 audisset,
306 2958 420 3014 semper
437 2958 474 2998 ex
491 2959 528 2998 eo
550 2949 682 3017 tempore
704 2939 783 2999 iuxta
805 2939 975 3022 condictum
997 2940 1059 3000 eius
1079 2961 1145 3000 mes

149 3047 294 3096 moratum
317 3035 514 3094 continentiae
537 3037 660 3094 modurn
684 3036 858 3095 obseruabat
879 3047 917 3109 et,
945 3038 1027 3112 quod
1050 3057 1138 3097 causa

149 3133 242 3194 diuini
263 3132 374 3192 timoris
395 3134 486 3193 semel
507 3133 547 3193 ob
565 3144 678 3192 reatum
699 3143 892 3208 compunctus
914 3143 1058 3208 coeperat,
1079 3133 1137 3192 iam
1151 3155 1190 3212 30

148 3247 239 3288 causa
252 3227 345 3287 diuini
357 3226 464 3286 amoris
478 3229 640 3287 delectatus
654 3226 791 3303 praemiis
805 3226 967 3287 indefessus
981 3229 1093 3304 agebat.

209 3323 299 3398 Quod
314 3324 385 3383 dum
399 3325 493 3383 multo
505 3333 638 3400 tempore
650 3323 770 3383 sedulus
786 3334 997 3400 exsequeretur,
1017 3322 1138 3400 contigit

164 3434 279 3485 ‘abrami
288 3450 335 3484 ms.
367 3467 370 3475 ·
405 3431 544 3484 ⁷rrrerr'aris
554 3449 598 3484 ms.
670 3431 693 3466 ²⁰
707 3434 855 3484 adulti-ms.
927 3433 948 3466 ²³
960 3435 1065 3500 promisi
1073 3451 1117 3487 ms.
