2592 3834
168 244 230 337 13l
309 271 799 322 MoNAsTERYOFSELAESEU
809 275 997 325 nooman.
1093 272 1147 330 117

163 402 202 460 ad
228 399 368 476 anguillas
401 410 516 459 tantum
542 398 644 458 inerat
686 398 815 477 collectis
842 418 911 476 ergo
944 400 1149 476 undecumque

163 496 271 556 retibus
293 494 509 571 anguillaribus,
533 495 670 553 homines
692 494 829 554 antistitis
853 496 993 556 miserunt
1009 497 1040 555 in
1059 515 1147 569 mare,

162 604 193 652 et
206 591 306 650 diuina
319 609 351 649 se
364 591 483 649 iuuante
497 589 588 664 gratia
601 609 672 648 mox
686 609 791 665 cepere
805 590 900 670 pisces
914 591 1021 650 diuersi
1034 591 1149 666 generis

163 705 222 745 ccc
245 686 352 761 quibus
373 685 510 744 trifariam
535 684 635 744 diuisis
656 695 776 744 centum
797 686 972 761 pauperibus
994 687 1147 758 dederunt,

131 793 148 854 5
163 793 282 842 centum
294 781 340 839 his
357 781 497 856 aquibus
514 781 588 838 retia
603 790 785 856 acceperant,
803 792 923 839 centum
942 781 972 839 in
990 801 1057 840 suos
1078 800 1148 840 usus

161 877 317 936 habebant
360 895 420 951 quo
440 876 585 935 beneficio
602 877 727 934 multum
749 876 869 936 antistes
893 895 943 934 cor
966 877 1098 935 omnium
1117 877 1147 935 in

162 993 247 1032 suum
261 973 404 1032 conuertit
417 991 546 1031 amorem
560 981 590 1030 et
603 971 741 1030 libentius
755 991 792 1031 eo
811 973 997 1048 praedicante
1011 973 1147 1032 caelestia

161 1087 276 1143 sperare
297 1079 465 1143 coeperunt,
486 1067 570 1126 cuius
589 1067 751 1128 ministerio
778 1068 951 1144 temporalia
971 1070 1052 1127 bona
1071 1087 1147 1126 sum-

162 1177 268 1233 serunt.

113 1271 149 1310 10
221 1260 290 1333 Quo
316 1270 449 1336 tempore
474 1280 525 1319 rex
551 1260 725 1319 Aedilualch
758 1260 880 1321 donauit
912 1263 1151 1324 reuerentissimo⁴

161 1356 282 1416 antistiti
294 1357 418 1416 Vilfrido
437 1368 542 1417 terram
560 1359 628 1415 lm
644 1356 686 1416 uii
704 1356 885 1430 familiarum,
904 1358 955 1417 ubi
972 1375 1040 1418 suos
1054 1361 1146 1420 horni-

160 1469 213 1510 nes
226 1451 277 1527 qui
290 1454 388 1511 exules
398 1453 578 1528 uagabantur
590 1452 719 1528 recipere
733 1462 840 1529 posset,
852 1455 998 1511 uocabulo
1009 1455 1143 1527 Selaeseu,

161 1550 241 1623 quod
265 1549 370 1607 dicitur
391 1549 496 1607 Latine
519 1548 613 1607 insula
637 1549 721 1607 uituli
742 1548 852 1606 marini.
895 1559 939 1607 est
961 1550 1039 1608 enirn
1061 1552 1144 1610 locus

160 1643 209 1703 ille
229 1644 359 1719 undique
378 1643 451 1702 mari
474 1643 669 1702 circumdatus
689 1654 802 1718 praeter
821 1644 859 1702 ab
880 1643 1043 1717 occidente,
1064 1647 1144 1706 unde

110 1744 145 1802 Ῑ5
160 1740 249 1798 habet
269 1738 429 1813 ingressum
450 1737 650 1813 amplitudinis
674 1738 756 1813 quasi
778 1738 870 1795 iactus
892 1738 1017 1798 fundae:
1051 1740 1143 1814 qualis
1236 1808 1240 1816 ι

158 1836 241 1894 locus
268 1855 288 1892 a
313 1835 424 1894 Latinis
454 1833 633 1911 paeninsula,
662 1853 681 1892 a
708 1833 826 1894 Graecis
854 1836 928 1894 solet
954 1836 1143 1896 cherronesos

158 1929 265 1989 uocari.
306 1931 385 1988 hunc
398 1948 467 2005 ergo
484 1931 582 1988 locum
598 1947 666 1986 cum
684 1927 846 2004 accepisset
860 1927 1014 2004 episcopus
1029 1928 1141 2000 Vilfrid,

157 2024 292 2084 fundauit
309 2025 350 2084 ibi
366 2024 574 2083 monasterium
591 2043 627 2082 ac
644 2023 768 2099 regulari
787 2023 849 2082 uita
867 2024 998 2096 instituit,
1018 2024 1142 2085 maxime

159 2141 195 2180 ex
214 2119 260 2180 his
278 2139 352 2196 quos
371 2138 470 2178 secum
489 2119 650 2179 adduxerat
670 2120 820 2178 fratribus:
842 2121 923 2194 quod
941 2138 1033 2195 usque
1053 2121 1141 2181 hodie

105 2236 144 2276 20
157 2237 338 2278 successores
359 2219 420 2277 eius
440 2227 538 2276 tenere
555 2226 723 2275 noscuntur.
762 2235 836 2274 narn
854 2216 917 2292 ipse
934 2215 989 2274 illis
1008 2215 1038 2274 in
1057 2217 1142 2292 parti-

156 2316 212 2374 bus
226 2333 319 2372 annos
333 2332 360 2385 u,
375 2313 406 2370 id
421 2322 464 2370 est
483 2330 575 2387 usque
593 2312 632 2369 ad
651 2322 776 2371 mortem
790 2311 918 2386 Ecgfridi
935 2310 1017 2386 regiS,
1038 2313 1146 2372 merito

157 2409 294 2468 omnibus
308 2406 485 2466 honorabilis
499 2404 627 2465 officium
641 2405 825 2481 episcopatus
841 2415 869 2463 et
882 2406 973 2464 uerbo
987 2409 1141 2466 exercebat

157 2516 188 2565 et
200 2524 296 2582 opere.
339 2516 368 2564 et
383 2504 522 2581 quoniam
536 2503 577 2561 illi
590 2522 641 2562 rex
658 2521 726 2561 curn
744 2503 873 2578 praefata
886 2501 943 2561 loci
956 2503 1140 2577 possessione

157 2618 260 2661 omnes
278 2601 329 2678 qui
346 2601 456 2660 ibidem
474 2609 556 2659 erant
573 2599 726 2657 facultates
744 2615 812 2656 cum
832 2596 908 2674 agris
926 2608 956 2656 et
973 2598 1139 2659 hominibus

99 2715 119 2751 a
124 2710 141 2769 5
157 2695 287 2769 donauit,
316 2715 419 2755 omnes
445 2696 504 2754 fide
531 2692 639 2754 Christi
672 2692 820 2753 institutos
849 2693 930 2751 unda
958 2693 1140 2770 baptismatis

155 2792 265 2852 abluit:
285 2792 360 2850 inter
372 2809 446 2867 quos
463 2809 563 2868 seruos
577 2801 607 2848 et
620 2789 739 2848 ancillas
758 2790 901 2849 ducentos
919 2789 1138 2866 quinquaginta,

156 2905 231 2964 quos
251 2906 353 2946 omnes
373 2899 406 2945 ut
425 2885 601 2962 baptizando
620 2905 638 2944 a
656 2885 795 2944 seruitute
816 2885 988 2945 daemonica
1007 2887 1136 2957 saluauit,

156 2981 246 3042 etiam
259 2981 391 3042 libertate
405 2983 544 3041 donando
557 2982 704 3040 humanae
718 2979 786 3056 iugo
801 2979 945 3039 seruitutis
959 2980 1092 3039 absoluit.

282 3141 327 3175 ¹¹²
342 3144 456 3206 angustas
472 3143 583 3191 -ilaribus
593 3157 638 3192 ms.
831 3136 1001 3202 ³coepere1ns.

218 3221 302 3272 ⁸·unt
312 3237 357 3272 ms.
475 3220 618 3270 ‘anamais
627 3235 672 3270 ms.
687 3213 791 3270 ·stesC².
911 3217 932 3250 ¹⁹
947 3217 1001 3282 quis
1011 3233 1056 3268 ms
