2592 3834
186 194 245 250 ιισ
450 202 600 255 reasons
618 202 701 265 aaa
725 200 910 251 arsames.
1020 194 1022 199 ’
1064 170 1174 266 [nanis

185 344 227 392 An
243 343 361 407 abndged
375 349 468 391 extract
484 342 547 393 from
570 338 867 405 Adamnantv15-17).
905 340 1060 390 Caednalla’s
1076 338 1177 404 epitaph

186 427 216 485 (v
228 426 261 485 7),
275 424 428 474 Theodore’s
439 425 468 484 (v
481 425 513 483 8),
529 423 649 472 Wilfrid’s
661 425 690 485 (v
704 424 751 487 19).

233 505 283 562 P¹7
301 516 329 566 17
346 516 440 554 esaar·
454 515 541 553 saona
555 516 591 553 on
607 516 695 553 soors
712 520 752 553 see
769 502 880 553 Alcuiu’s
896 510 1000 553 account
1016 504 1045 553 of
1057 503 1178 555 Aelbehrt

185 585 217 634 de
228 585 318 634 sanctis
329 585 400 634 Ebor
411 582 521 648 1453—6
532 602 582 634 non
592 587 663 633 semel
671 594 781 634 externas
786 587 914 649 peregrino
924 588 1020 635 tramite
1030 583 1118 650 terrosi
1126 587 1177 635 iam

160 705 163 710 4
180 665 326 728 peragraaeit
343 681 428 724 auam,
448 665 544 728 sophiae
558 666 671 714 deductus
689 681 783 714 amare:
798 663 802 730 Ι
815 666 840 715 si
861 666 932 729 quid
951 666 1029 715 sorte
1051 666 1120 714 noui
1141 666 1177 713 li·
1212 662 1227 719 5

185 747 303 795 brorum
319 760 369 795 seu
385 746 556 808 studiorum,
572 745 576 811 1
592 747 670 811 quod
692 762 789 796 secum
807 748 907 808 terret,
927 748 1016 798 terris
1032 747 1179 813 reperiret

185 825 215 874 in
231 822 314 874 illis.¹

250 941 267 964 ,‚
304 918 334 967 25
367 916 513 955 neroum)
529 918 661 955 GLAzlsns
673 908 761 957 Beda's
774 908 844 973 pupil
856 908 978 957 Cuthbert
988 908 1070 956 writes
1083 912 1109 956 to
1121 907 1180 957 Lull

186 984 274 1047 (Bonis
286 1001 318 1049 ep
338 998 383 1044 134
397 985 471 1049 Jaffei)
487 987 511 1035 si
524 987 615 1051 aliquis
632 988 702 1035 homo
719 988 806 1035 intua
824 988 857 1035 sit
869 988 1003 1050 parrochia
1020 988 1066 1050 qui
1081 987 1178 1036 nitrea

186 1081 256 1115 uasa
271 1067 345 1115 bene
361 1067 455 1129 possit
471 1066 575 1126 facere,
594 1084 649 1115 cum
660 1075 752 1131 tempus
762 1068 872 1117 adrideat
883 1068 947 1116 mild
959 1070 1051 1115 mittere
1063 1066 1176 1129 digana.
1194 1072 1231 1109 10

185 1154 231 1195 aut
245 1147 269 1196 si
277 1147 383 1211 sortasse
402 1147 470 1195 ultra
480 1148 548 1211 fines
568 1155 601 1195 est
622 1148 650 1196 in
663 1154 777 1211 potestate
796 1149 922 1198 cuiusdam
944 1149 1044 1197 alterius
1064 1148 1117 1196 sine
1135 1152 1179 1194 tata

183 1228 321 1289 parrochia,
340 1243 395 1290 rogo
410 1233 440 1275 ut
445 1228 592 1292 fraternitas
602 1235 646 1277 tua
658 1228 699 1276 illi
708 1229 807 1277 madeat
816 1234 845 1276 ut
857 1228 893 1276 ad
905 1243 948 1276 nos
959 1242 1033 1290 usque
1039 1224 1176 1289 pemattat,

185 1308 244 1371 quia
251 1309 353 1356 eiusdem
361 1310 423 1357 artis
433 1309 519 1371 situati
527 1310 734 1372 etinopessumus.
758 1317 785 1359 et
797 1309 821 1357 si
831 1310 886 1358 hoc
897 1308 1021 1358 sortasse
1033 1306 1180 1370 contingit

186 1395 217 1436 nt
232 1387 342 1452 aliquis
359 1389 394 1438 de
409 1390 479 1437 uitri
494 1388 658 1438 factoribus
673 1405 735 1437 cnm
751 1398 800 1438 tua
816 1389 975 1453 diligentia
991 1389 1045 1438 deo
1060 1388 1179 1437 uolente

186 1470 222 1517 ad
238 1485 290 1520 nos
306 1486 397 1533 nsque
412 1471 516 1519 uenire
527 1471 724 1534 permittatur,
739 1486 801 1519 cunr
812 1470 939 1534 benigna
955 1469 1180 1519 mansuetudine
1195 1477 1228 1535 15

186 1549 248 1598 uita
263 1550 370 1603 comite
388 1550 473 1599 illum
494 1550 631 1613 suscipio.
669 1550 763 1599 Eddius
779 1551 831 1598 uita
848 1550 956 1599 Wilfridi
978 1567 1006 1613 ¹4
1026 1550 1060 1599 fin
1078 1551 1179 1600 Wilfrid

187 1626 330 1676 introduced
346 1644 445 1677 masons
462 1628 650 1688 (caonentan'os)
667 1628 719 1676 into
735 1627 773 1677 his
789 1628 902 1688 diocese3
922 1627 951 1677 16
967 1627 1038 1677 York
1054 1628 1179 1682 cathedral

185 1707 408 1770 wasdilapidated,
420 1706 531 1756 thereos
543 1707 640 1765 leeked,
654 1707 697 1755 the
712 1707 830 1755 windows
846 1722 910 1755 were
926 1723 1005 1770 open;
1021 1707 1053 1756 he
1064 1708 1148 1756 roofed
1160 1708 1179 1757 it

185 1786 247 1836 with
265 1788 322 1836 lead
339 1789 389 1837 and
405 1789 491 1852 glazed
508 1789 551 1837 the
569 1788 695 1846 windows,
710 1795 759 1850 per
770 1788 892 1850 fenestras
910 1789 1039 1835 introitum
1055 1788 1142 1836 auium
1158 1796 1181 1838 et

185 1871 300 1919 imbrium
312 1870 378 1917 uitro
383 1870 516 1931 prohibuit,
522 1877 571 1933 per
579 1869 644 1933 quod
652 1876 733 1917 tamen
744 1868 810 1917 intra
817 1868 899 1916 lumen
910 1867 1037 1917 rediebat:
1048 1867 1087 1917 his
1098 1868 1179 1919 works
1194 1885 1231 1921 20

185 1955 212 1997 at
224 1948 339 1996 Hexham
352 1963 381 1995 aa
395 1962 433 2010 ²3·

233 2030 255 2079 P
272 2030 290 2087 8
310 2046 319 2078 ι
339 2042 398 2077 run
413 2039 501 2078 aaran
514 2040 737 2078 anca-cusnani
747 2028 814 2091 John
828 2025 867 2092 (ry
883 2026 926 2091 18).

249 2146 268 2171 „
306 2125 336 2159 10
352 2124 390 2160 nn
400 2123 469 2163 vrrs
479 2122 639 2160 cuiusnam
657 2110 748 2158 Alcuin
760 2111 790 2158 de
802 2110 891 2159 sanctis
903 2110 972 2158 Ebor
983 2107 1118 2175 645-749.

249 2226 268 2250 ‚‚
306 2192 335 2240 18
347 2203 394 2239 ms
408 2201 587 2239 nanuscmnr
598 2189 730 2238 Willibald
741 2190 766 2237 in
778 2189 829 2239 like
841 2204 944 2237 manner
954 2197 1032 2239 wrote
1046 2189 1089 2238 the
1100 2189 1141 2239 lise
1153 2191 1184 2239 of

185 2258 303 2323 Boniface
314 2289 347 2323 on
358 2290 445 2324 waren
454 2274 551 2332 tablets,
563 2273 613 2322 and
624 2272 757 2321 submitted
769 2272 788 2320 it
799 2279 825 2321 to
837 2272 895 2320 Lull
905 2271 955 2320 and
966 2272 1069 2321 another
1079 2272 1179 2337 bishop,
1195 2286 1209 2322 2
1215 2284 1229 2341 5

185 2354 292 2417 copying
302 2354 322 2403 it
333 2370 366 2402 on
376 2354 469 2404 vellum
480 2354 542 2402 aster
552 2354 611 2418 they
620 2353 671 2401 had
682 2354 807 2417 approved
818 2352 838 2402 it
849 2354 894 2416 (pp
905 2368 961 2414 422.
974 2354 1019 2413 481
1031 2350 1112 2417 Jaffe').

235 2435 255 2482 P
271 2434 307 2491 12
323 2450 341 2483 n
358 2450 371 2483 o
404 2435 447 2483 the
464 2434 621 2483 bauishment
639 2434 668 2482 of
683 2434 818 2482 Archelaus
836 2440 862 2482 to
879 2433 976 2481 Vienne
993 2445 1012 2482 Α
1023 2446 1042 2481 1>
1059 2432 1075 2481 6
1090 2435 1110 2482 is
1129 2430 1179 2483 his·

185 2512 567 2576 toricaltlosantXV1113a.
593 2513 681 2562 DCass
699 2511 849 2576 L1v956).
886 2512 986 2561 Pilate’s
998 2513 1091 2562 suicide
1109 2513 1180 2563 isno

185 2596 264 2644 doubt
280 2611 296 2644 a
312 2596 385 2654 table,
407 2596 452 2644 but
469 2596 490 2643 is
505 2594 599 2643 related
615 2595 649 2657 by
667 2594 718 2642 Eus
734 2593 779 2643 he
796 2605 853 2654 117.
876 2594 959 2642 chron.
978 2604 1023 2641 AD
1039 2610 1079 2656 40.
1113 2594 1181 2644 Oros

184 2688 226 2723 vu
245 2690 268 2738 5.
302 2676 329 2724 cf
342 2676 477 2724 Druthmar
498 2675 524 2722 in
546 2674 633 2737 Migne
659 2684 705 2722 ενι
731 2680 810 2737 14970.
844 2674 892 2723 See
912 2674 1004 2736 leyrer
1025 2675 1052 2722 in
1077 2674 1181 2738 Herzog
1194 2684 1231 2739 30

188 2754 355 2817 Real-Encycl
365 2766 396 2803 xl
407 2752 454 2816 663
467 2752 514 2814 664
525 2753 563 2801 for
573 2752 635 2800 later
646 2752 756 2814 legenda.

249 2869 267 2895 „
301 2848 367 2898 n19
400 2830 904 2897 Gregdia111137(Ven174411365e).
939 2832 965 2882 ib
980 2834 1010 2894 38
1026 2833 1068 2881 the
1085 2840 1181 2896 martyr

185 2914 322 2979 Eutychius
341 2914 465 2976 appeared
482 2920 509 2961 to
536 2912 691 2975 Redemptus
714 2912 802 2975 saying
824 2913 970 2975 ‘Redempte,
992 2912 1111 2975 uigilast‘
1137 2916 1182 2961 cui

183 2994 319 3057 respondit:
339 2991 452 3057 ‘uirrrioh
468 2994 512 3057 qui
527 2994 581 3042 ait:
602 2992 691 3041 ‘finis
701 2993 783 3042 uenit
798 2992 953 3042 uniuersae
973 2992 1078 3048 carnis,
1101 2992 1180 3044 finis

181 3076 265 3125 uenit
287 3075 444 3124 uniuersae
464 3077 568 3134 carnis,
600 3074 676 3123 sinis
698 3074 780 3124 uenit
799 3075 955 3125 uniuersae
975 3073 1086 3124 carnis'
1088 3107 1178 3125 .....
1194 3088 1228 3147 35

181 3157 276 3220 etquid
287 3157 315 3205 in
326 3158 383 3205 aliis
399 3156 490 3205 muredi
498 3156 612 3219 portibus
626 3162 724 3219 agatur,
747 3156 838 3217 cynara.
871 3171 931 3204 nam
946 3156 974 3205 in
991 3157 1039 3205 tac
1053 3162 1125 3216 terra,
1147 3158 1180 3206 in

182 3253 232 3301 qua
253 3253 296 3285 nos
311 3237 428 3297 achimus,
452 3237 545 3285 tinem
566 3251 648 3285 suam
671 3236 795 3284 mundus
816 3236 873 3283 iam
893 3249 952 3285 non
974 3237 1100 3293 nuntiat,
1124 3240 1178 3288 sed

183 3314 323 3365 ostendit.
344 3326 375 3367 tv
390 3331 420 3378 41
447 3316 531 3379 ‘Why
546 3331 588 3365 are
603 3315 647 3365 the
663 3322 752 3364 secrets
771 3314 801 3363 os
821 3316 941 3379 departed
961 3316 1052 3380 spirits,
1066 3315 1178 3367 hitherto

180 3392 322 3455 concealed,
344 3410 403 3446 now
424 3397 498 3445 made
520 3395 633 3445 knowrst
664 3394 774 3447 Because
801 3394 851 3445 this
871 3410 917 3459 age
938 3395 961 3445 is
981 3394 1092 3459 drawing
1111 3401 1138 3445 to
1160 3410 1179 3447 ι
