2592 3834
140 220 295 304 (²9)=²7]
308 214 521 289 nrsbxxr'rr.
543 240 1052 297 Exnanrrcrsuccxaosrlrm
1070 247 1122 309 157

137 368 289 446 fragilitate
315 367 435 445 deliqui,
459 388 555 445 aeque
578 369 615 427 ad
638 380 707 429 tuae
730 372 889 432 uoluntatis
911 394 1035 434 examen
1056 395 1126 435 mox

137 464 294 523 emendare
320 464 437 523 curaui'
491 464 624 523 incubuit
657 466 793 541 precibus
820 469 942 528 antistes
968 470 1126 547 statimque

136 558 259 617 edoctus
285 557 315 617 in
342 558 443 634 spiritu
470 557 630 634 inpetrasse
658 580 691 619 se
718 563 799 637 quod
820 566 940 639 petebat
963 584 982 623 a
1002 566 1125 625 domino

138 656 256 729 ‘surge'
270 653 373 729 inquit,
390 654 493 712 ‘frater
506 653 555 727 mi,
571 665 600 713 et
616 656 679 715 noli
696 659 819 732 plorare,
834 660 886 718 sed
904 660 1012 734 gaudio
1029 663 1125 737 gaude

107 770 122 829 5
137 749 205 825 quia
218 751 300 825 quod
313 749 479 825 rogauimus
493 769 620 826 superna
633 751 720 811 nobis
734 753 890 813 clementia
903 756 1044 817 donauit!

196 846 288 908 Cuius
306 846 441 923 promissi
466 857 494 906 et
512 846 684 923 prophetiae
703 849 855 909 ueritatem
880 871 1006 927 sequens
1029 873 1125 913 rerum
1177 863 1181 871 '

135 943 256 1003 astruxit
279 954 421 1019 euentus3
449 943 520 1020 quia
539 956 569 1003 et
590 944 786 1021 digredientes
806 948 844 1006 ab
863 947 990 1007 inuicem
1011 969 1073 1009 non
1093 971 1125 1010 se

134 1040 209 1097 ultra
229 1039 416 1115 corporaliter
431 1039 576 1112 uiderunt,
600 1051 630 1099 et
651 1060 711 1099 uno
732 1043 898 1118 eodemque
920 1044 976 1117 die,
999 1046 1057 1105 hoc
1080 1062 1126 1105 est

134 1134 196 1193 xiii⁰
219 1136 412 1194 kalendamm
433 1135 586 1212 Aprilium,
610 1136 793 1215 egredientes
820 1157 837 1197 e
865 1158 987 1215 corpore
1009 1140 1125 1216 spiritus

87 1260 121 1299 10
135 1252 237 1292 eorum
263 1251 334 1291 mox
360 1233 447 1291 beata
473 1232 600 1292 inuicem
628 1232 742 1293 uisioue
768 1234 919 1294 coniuncti
941 1248 1009 1295 sunt
1035 1250 1124 1314 atque

134 1330 267 1405 angelico
286 1327 452 1389 ministerio
478 1328 586 1405 pariter
614 1330 653 1388 ad
679 1348 802 1405 regnum
829 1333 955 1391 caeleste
986 1335 1122 1395 translati.

135 1427 188 1485 sed
210 1424 367 1485 Heriberct
386 1423 500 1483 diutina
522 1424 602 1499 prius
629 1423 795 1484 infirmitate
818 1426 1001 1501 decoquitur,
1022 1427 1072 1486 illa
1091 1440 1125 1487 ut

135 1521 275 1581 credibile
296 1531 341 1581 est
359 1519 578 1596 dispensatione
605 1519 772 1579 dominicae
799 1520 916 1597 pietatis
939 1533 981 1593 ut,
1004 1522 1029 1582 si
1052 1523 1125 1599 quid

134 1616 373 1677 minus'haberet
393 1614 489 1674 meriti
511 1634 530 1672 a
551 1615 638 1673 beato
666 1616 856 1688 Cuthbercto‚
892 1619 1040 1692 suppleret
1066 1620 1123 1679 hoc

86 1740 118 1799 ¹5
133 1711 277 1787 castigans
290 1713 396 1788 longae
409 1709 595 1787 aegritudiuis
610 1711 708 1770 dolor:
729 1710 865 1787 quatinus
878 1723 1020 1787 aequatus
1033 1713 1125 1789 gratia

134 1828 188 1870 suo
208 1808 399 1881 intercessori,
414 1807 489 1867 sicut
508 1826 569 1866 uno
593 1810 758 1883 eodemque
783 1818 916 1883 tempore
937 1828 1007 1868 cum
1027 1829 1064 1869 eo
1086 1811 1124 1870 de

134 1926 255 1983 corpore
270 1905 368 1982 egredi
381 1904 422 1965 ita
430 1904 519 1964 etiam
533 1924 593 1963 una
605 1916 693 1981 atque
708 1904 873 1965 indissimili
882 1907 952 1966 sede
965 1919 1124 1983 perpetuae

133 2000 322 2063 beatitudinis
336 2000 489 2060 memisset
502 1999 600 2075 recipi.
919 2009 922 2017 '

192 2096 275 2159 Obiit
301 2108 401 2156 autem
427 2108 510 2173 pater
542 2094 794 2155 reuerentissimus
827 2095 859 2154 in
892 2096 987 2155 insula
1020 2099 1123 2168 Farne,

85 2222 119 2259 20
133 2194 258 2252 multum
272 2193 444 2267 deprecatus
457 2191 558 2249 fratres
573 2200 604 2249 ut
617 2189 658 2248 ibi
672 2208 793 2266 quoque
807 2189 978 2265 sepeliretur
991 2192 1043 2251 ubi
1063 2212 1124 2252 nou

132 2310 223 2367 paruo
250 2300 382 2365 ternpore
409 2307 463 2365 pro
491 2286 613 2347 domino
643 2286 788 2345 militarat
839 2298 969 2346 attamen
1003 2290 1123 2349 tandem

133 2405 234 2447 eorum
248 2385 382 2461 precibus
396 2384 491 2443 uictus
504 2401 655 2442 assensum
670 2381 762 2454 dedit,
774 2392 807 2441 ut
820 2382 859 2440 ad
874 2382 999 2441 insulam
1011 2383 1124 2443 Lindis

132 2483 310 2543 lamensium
335 2484 443 2542 relatus
470 2480 501 2539 in
536 2479 662 2540 ecclesia
698 2480 901 2555 deponeretur.
943 2482 1025 2555 quod
1052 2482 1125 2541 dum

131 2580 243 2639 factum
256 2589 341 2651 esset,
357 2576 559 2653 episcopatum
574 2573 714 2634 ecclesiae
728 2574 804 2633 illius
817 2594 897 2633 anno
914 2594 975 2634 uno
989 2578 1125 2637 seruabat

84 2696 117 2757 ²5
134 2674 307 2736 uenerabilis
331 2674 453 2734 antistes
474 2672 589 2746 Vilfrid,
614 2674 712 2732 donec
729 2670 882 2748 eligeretur
901 2672 952 2748 qui
971 2692 1026 2749 pro
1047 2674 1123 2734 Cud·

133 2774 234 2834 bercto
247 2774 368 2832 antistes
382 2769 510 2832 ordinari
523 2771 653 2830 deberet.

193 2868 353 2929 Ordinatus
381 2877 424 2928 est
450 2877 550 2925 autem
573 2876 641 2942 post
664 2866 739 2924 haec
760 2865 916 2937 Eadberct‚
938 2864 983 2925 uir
1004 2866 1125 2926 scientia

133 2964 299 3025 diuinarum
321 2964 526 3040 scripturamm
548 2963 634 3022 simul
658 2974 688 3022 et
709 2974 931 3040 praeceptorum
955 2963 1123 3025 caelestium
1185 2994 1188 2999 ·

134 3060 321 3121 obseruantia
341 3080 377 3120 ac
399 3059 526 3119 maxime
549 3059 776 3134 elimosynarum
800 3058 970 3134 operatione
993 3058 1123 3136 insignis,

83 3187 120 3241 30
134 3155 176 3215 ita
188 3168 221 3215 ut
234 3157 316 3216 iuxta
329 3158 424 3233 legem
439 3155 576 3215 omnibus
589 3154 675 3213 annis
689 3153 836 3214 decimam
849 3172 911 3212 non
925 3154 1020 3213 solum
1034 3156 1125 3232 quad·

134 3255 289 3331 rupedum,
309 3274 411 3315 uerum
434 3253 523 3313 etiarn
550 3254 667 3329 frugum
694 3250 827 3311 omnium
849 3262 938 3325 atque
959 3270 1123 3327 pomorum,

134 3372 251 3412 necnon
266 3364 293 3412 et
309 3351 552 3412 uestimentorum
566 3358 678 3426 partem
693 3346 871 3425 pauperibus
885 3346 974 3407 daret

167 3464 176 3496 ¹
186 3466 291 3529 fragill-
303 3480 349 3514 ms.
433 3461 454 3494 ¹¹
470 3464 510 3512 ille
520 3479 550 3527 pr
561 3478 625 3512 man.
704 3460 725 3493 ¹⁶
740 3477 848 3526 egr-ms.
926 3459 946 3492 ⁹¹
963 3468 1089 3513 -mretms
