2592 3834
20 221 23 228 ’
123 241 154 324 3]
268 229 297 262 ·'
354 244 540 293 11111101
557 244 694 293 19151101
715 244 875 293 carbon.
943 261 945 266 ·
1068 247 1104 306 97

118 375 257 438 caelestia
283 395 358 453 quae
390 394 506 452 semper
531 377 667 436 amabam
694 389 729 436 ac
751 360 953 436 desiderabam
977 377 1106 452 praemia

117 492 225 534 uocare
238 482 382 532 uenerunt
395 482 425 531 et
443 482 510 547 post
524 471 586 530 dies
606 471 648 530 uii
668 491 701 532 se
720 471 865 532 redituros
886 491 921 530 ac
941 491 989 532 me
1006 491 1106 532 secum

115 573 296 632 adducturos
314 589 378 629 esse
396 568 607 645 promiserunt’
647 569 729 645 quod
748 568 868 645 quidem
888 567 930 627 ita
944 579 975 628 ut
995 568 1106 629 dictum

117 667 147 728 ei
174 677 244 746 erat,
271 684 360 741 opere
386 665 567 739 completum
594 673 647 724 est.
690 681 758 722 nam
786 663 940 723 confestim
966 665 1105 740 languore

82 786 100 844 5
116 760 248 836 corporis
272 771 366 818 tactus
390 770 434 818 est
454 770 484 818 et
503 760 562 818 hoc
577 779 630 834 per
650 758 714 818 dies
734 758 952 835 ingrauescente
971 759 1104 836 septimo,

115 867 152 917 ut
164 855 337 932 promissum
357 854 384 914 ei
397 857 497 926 fuerat,
510 855 558 915 die
573 867 729 932 postquam
744 855 856 914 obitum
869 861 954 914 suuin
965 855 1105 916 dominici

97 950 247 1027 *corporis
261 960 291 1009 et
304 949 451 1025 sanguinis
465 950 652 1026 perceptione
667 950 791 1010 muniuit
805 952 899 1010 soluta
909 952 946 1010 ab
961 953 1104 1028 ergastulo

114 1045 253 1123 corporis.
266 1044 364 1104 anima
384 1057 485 1103 sancta
504 1044 687 1117 ducentibus,
709 1057 741 1105 ut
762 1045 840 1105 credi
861 1047 903 1104 fas
924 1056 976 1118 est,
995 1045 1104 1122 angelis

115 1141 274 1201 comitibus
300 1152 419 1200 aeterna
445 1141 552 1216 gaudia
578 1136 689 1217 petiuit.
731 1161 792 1201 non
827 1154 925 1202 autem
949 1142 1053 1201 mirum
1080 1142 1104 1200 si

64 1261 101 1300 ιο
114 1236 198 1298 diem
217 1236 319 1296 mortis
338 1238 387 1295 uel
407 1236 504 1312 potius
525 1237 604 1296 diem
625 1237 738 1297 domini
762 1240 854 1298 laetus
874 1239 992 1316 aspexit,
1014 1257 1102 1314 quern

115 1351 240 1408 semper,
255 1333 420 1409 usquedum
434 1331 555 1403 ueniret,
571 1333 711 1393 sollicitus
726 1346 893 1410 exspectare
907 1333 1028 1394 curauit.

177 1433 315 1506 Namque
339 1429 415 1490 inter
437 1431 519 1506 plura
540 1430 738 1490 continentiae
761 1429 932 1490 humilitatis
951 1431 1101 1490 doctrinae

115 1528 281 1588 orationum
309 1526 492 1586 uoluntariae
519 1527 697 1602 paupertatis
720 1537 749 1586 et
771 1537 933 1586 ceterarum
961 1527 1101 1586 uirtutum

115 1617 220 1682 merita
243 1623 274 1682 in
298 1634 410 1682 tantum
433 1634 494 1682 erat
516 1622 610 1682 timori
633 1623 746 1683 domini
768 1623 908 1697 subditus,
935 1624 965 1682 in
988 1637 1101 1684 tantum

64 1736 100 1794 15
114 1717 342 1777 nouissimorum
357 1737 477 1777 suorum
490 1717 521 1776 in
535 1718 673 1777 omnibus
692 1718 828 1794 operibus
845 1717 903 1778 suis
924 1737 1045 1792 memor,
1060 1733 1101 1788 ut,

114 1814 191 1874 sicut
204 1813 276 1872 mihi
289 1815 375 1872 frater
388 1813 507 1890 quidam
523 1815 561 1872 de
579 1813 625 1872 his
643 1814 694 1890 qui
712 1833 759 1872 me
780 1814 811 1872 in
831 1812 978 1888 scripturis
992 1813 1102 1878 erudie-

113 1913 187 1968 bant
214 1920 244 1968 et
265 1919 327 1967 erat
352 1908 382 1966 in
404 1909 583 1968 monasterio
605 1929 640 1968 ac
668 1910 833 1986 magisterio
861 1910 937 1970 illius
961 1912 1102 1970 educatus

113 2004 262 2062 uocabulo
276 2005 450 2062 Trumberct
468 2006 571 2064 referre
591 2006 712 2076 solebat,
728 2006 752 2064 si
771 2007 844 2064 sorte
863 2007 979 2084 legente
997 2025 1033 2065 eo
1052 2009 1100 2064 uel

114 2100 193 2158 aliud
221 2100 292 2175 quid
319 2112 424 2176 agente
450 2112 571 2175 repente
592 2102 677 2160 flatus
705 2101 785 2162 uenti
807 2102 901 2161 maior
924 2105 1098 2179 adsurgeret.

60 2217 101 2254 κο
114 2194 257 2254 continuo
278 2193 507 2255 misericordiam
537 2195 650 2256 domini
672 2196 823 2257 inuocaret
856 2208 886 2256 et
910 2217 975 2256 eam
1002 2199 1100 2275 generi

113 2290 244 2348 humano
262 2288 413 2364 propitiari
432 2301 564 2365 rogaret;
593 2291 616 2348 si
637 2302 735 2350 autem
758 2292 913 2352 uiolentior
931 2311 1000 2350 aura
1019 2292 1100 2350 insis-
1135 2289 1138 2300 “

112 2396 195 2456 teret,
210 2383 268 2442 iam
282 2387 382 2443 clauso
396 2384 499 2444 codice
514 2385 679 2461 procideret
692 2386 721 2444 in
736 2387 841 2445 faciem
861 2397 950 2463 atque
964 2387 1099 2447 obnixius

111 2479 238 2540 orationi
264 2479 444 2540 incumberet
455 2501 464 2553 3
498 2491 529 2539 at
557 2480 581 2540 si
608 2485 736 2557 procella
770 2483 872 2542 sortior
897 2494 947 2542 aut
980 2483 1098 2542 nimbus

112 2587 281 2652 perurgeret
299 2575 457 2635 ueletiam
478 2576 591 2636 corusci
611 2597 646 2636 ac
668 2579 796 2638 tonitrua
814 2590 903 2639 terras
922 2591 952 2640 et
965 2599 1032 2640 aera
1046 2593 1099 2640 ter-

56 2693 93 2751 ²5
112 2681 218 2741 terent,
233 2682 304 2730 tunc
322 2672 445 2730 ueniens
465 2673 503 2730 ad
525 2673 677 2732 ecclesiam
699 2673 840 2732 sollicitus
860 2674 1040 2734 orationibus
1063 2693 1097 2733 ac

109 2764 240 2842 psalmis,
263 2766 360 2826 donec
383 2767 523 2826 serenitas
545 2767 619 2826 aeris
637 2767 752 2840 rediret,
773 2769 831 2827 fixa
850 2779 950 2828 mente
971 2782 1095 2828 uacaret.

109 2882 239 2940 cumque
259 2863 482 2940 interrogaretur
498 2884 517 2923 a
530 2865 598 2933 suis,
619 2885 711 2941 quare
732 2867 790 2925 hoc
809 2868 926 2937 faceret,
940 2867 1097 2942 responde·

109 2962 183 3018 bat:
214 2967 292 3020 ‘non
314 2961 434 3037 legistis,
458 2961 528 3038 quia
553 2962 709 3021 “intonuit
732 2963 769 3021 de
792 2963 874 3025 caelo
902 2962 1039 3021 dominus
1067 2973 1096 3020 et

108 3054 267 3130 altissimus
288 3056 370 3116 dedit
390 3077 494 3117 uocem
515 3077 597 3116 suam
608 3079 616 3129 ;
636 3057 716 3116 misit
736 3057 853 3142 sagittas
878 3076 944 3117 suas
966 3067 995 3116 et
1015 3057 1096 3117 dissi-

51 3171 93 3226 30
108 3152 192 3228 pauit
205 3172 265 3225 eos,
279 3155 392 3230 fulgura
405 3154 609 3230 multiplicauit
623 3166 652 3214 et
666 3154 851 3214 conturbauit
866 3155 954 3214 eos’'?
994 3167 1095 3214 mouet

107 3248 190 3308 eninr
202 3268 269 3309 aera
283 3250 419 3310 dominus
432 3262 536 3310 uentos
554 3251 660 3310 excitat
679 3251 819 3310 iaculatur
836 3252 946 3326 fulgora
960 3251 998 3310 de
1012 3253 1094 3316 caelo

107 3344 235 3416 intonat,
257 3356 289 3404 ut
310 3345 467 3422 terrigenas
488 3347 527 3406 ad
554 3346 719 3405 timendum
743 3365 775 3406 se
800 3345 927 3417 suscitet,
950 3357 982 3405 ut
1004 3348 1094 3404 corda

140 3459 163 3492 ⁸²
173 3461 306 3524 procederet
316 3477 361 3510 ms.
465 3461 502 3495 ’θ’
511 3461 532 3493 ⁸⁰
547 3462 711 3513 etaltr'ssr'mus
722 3475 795 3525 usque
804 3461 958 3508 conturbaur't
967 3476 1003 3508 eor
1014 3475 1058 3508 ms.

190 3558 215 3599 a.
995 3558 1009 3612 1
