<?xml version="1.0" encoding="UTF-8"?>
<!DOCTYPE html PUBLIC "-//W3C//DTD XHTML 1.0 Transitional//EN"
    "http://www.w3.org/TR/xhtml1/DTD/xhtml1-transitional.dtd">
<html xmlns="http://www.w3.org/1999/xhtml" xml:lang="en" lang="en">
 <head>
  <title>
</title>
<meta http-equiv="Content-Type" content="text/html;charset=utf-8" />
  <meta name='ocr-system' content='tesseract 3.04.00' />
  <meta name='ocr-capabilities' content='ocr_page ocr_carea ocr_par ocr_line ocrx_word'/>
</head>
<body>
  <div class='ocr_page' id='page_1' title='image "./historiaeeccles00lumbgoog_0139.png"; bbox 0 0 2592 3834; ppageno 0'>
   <div class='ocr_carea' id='block_1_1' title="bbox 0 1962 3 2473">
    <p class='ocr_par' dir='ltr' id='par_1_1' title="bbox 0 1962 3 2473">
     <span class='ocr_line' id='line_1_1' title="bbox 0 1962 3 2473; baseline 0 0"><span class='ocrx_word' id='word_1_1' title='bbox 0 1962 3 2473; x_wconf 95' lang='lat' dir='ltr'><strong> </strong></span> 
     </span>
    </p>
   </div>
   <div class='ocr_carea' id='block_1_2' title="bbox 172 220 1154 303">
    <p class='ocr_par' dir='ltr' id='par_1_2' title="bbox 172 220 1154 303">
     <span class='ocr_line' id='line_1_2' title="bbox 172 220 1154 303; baseline -0.008 -14"><span class='ocrx_word' id='word_1_2' title='bbox 172 220 221 303; x_wconf 80' lang='lat'><strong>13]</strong></span> <span class='ocrx_word' id='word_1_3' title='bbox 270 237 398 287; x_wconf 83' lang='lat' dir='ltr'><em>SOUTH</em></span> <span class='ocrx_word' id='word_1_4' title='bbox 414 235 560 286; x_wconf 84' lang='lat' dir='ltr'><em>SAXONS</em></span> <span class='ocrx_word' id='word_1_5' title='bbox 580 235 808 286; x_wconf 86' lang='lat' dir='ltr'><em>CONVERTED</em></span> <span class='ocrx_word' id='word_1_6' title='bbox 830 237 884 286; x_wconf 72' lang='lat' dir='ltr'><strong>BV</strong></span> <span class='ocrx_word' id='word_1_7' title='bbox 905 237 1061 288; x_wconf 84' lang='lat' dir='ltr'><em>VILFRID.</em></span> <span class='ocrx_word' id='word_1_8' title='bbox 1101 240 1154 300; x_wconf 83' lang='lat'><strong>115</strong></span> 
     </span>
    </p>
   </div>
   <div class='ocr_carea' id='block_1_3' title="bbox 119 363 1195 1492">
    <p class='ocr_par' dir='ltr' id='par_1_3' title="bbox 168 363 1158 730">
     <span class='ocr_line' id='line_1_3' title="bbox 168 363 1157 444; baseline -0.001 -18"><span class='ocrx_word' id='word_1_9' title='bbox 168 366 296 426; x_wconf 83' lang='lat' dir='ltr'><strong>habebat</strong></span> <span class='ocrx_word' id='word_1_10' title='bbox 316 363 395 424; x_wconf 90' lang='lat' dir='ltr'><strong>enim</strong></span> <span class='ocrx_word' id='word_1_11' title='bbox 414 374 483 423; x_wconf 87' lang='lat' dir='ltr'><strong>ante</strong></span> <span class='ocrx_word' id='word_1_12' title='bbox 504 364 700 424; x_wconf 89' lang='lat' dir='ltr'><strong>Eadbaedum</strong></span> <span class='ocrx_word' id='word_1_13' title='bbox 720 363 880 424; x_wconf 86' lang='lat' dir='ltr'><strong>antistitem</strong></span> <span class='ocrx_word' id='word_1_14' title='bbox 901 366 1082 440; x_wconf 83' lang='lat' dir='ltr'><strong>Sexuulsum,</strong></span> <span class='ocrx_word' id='word_1_15' title='bbox 1106 365 1157 444; x_wconf 93' lang='lat' dir='ltr'><strong>qui</strong></span> 
     </span>
     <span class='ocr_line' id='line_1_4' title="bbox 168 459 1158 543; baseline 0.001 -21"><span class='ocrx_word' id='word_1_16' title='bbox 168 462 257 543; x_wconf 79' lang='lat' dir='ltr'><strong>etiam</strong></span> <span class='ocrx_word' id='word_1_17' title='bbox 271 459 451 520; x_wconf 89' lang='lat' dir='ltr'><strong>Merciomm</strong></span> <span class='ocrx_word' id='word_1_18' title='bbox 465 470 496 519; x_wconf 88' lang='lat' dir='ltr'><strong>et</strong></span> <span class='ocrx_word' id='word_1_19' title='bbox 509 460 793 521; x_wconf 88' lang='lat' dir='ltr'><strong>Mediterraneorum</strong></span> <span class='ocrx_word' id='word_1_20' title='bbox 808 463 969 538; x_wconf 86' lang='lat' dir='ltr'><strong>Anglorum</strong></span> <span class='ocrx_word' id='word_1_21' title='bbox 984 462 1070 523; x_wconf 91' lang='lat' dir='ltr'><strong>simul</strong></span> <span class='ocrx_word' id='word_1_22' title='bbox 1084 464 1158 541; x_wconf 89' lang='lat' dir='ltr'><strong>epis-</strong></span> 
     </span>
     <span class='ocr_line' id='line_1_5' title="bbox 168 557 1158 637; baseline 0.001 -19"><span class='ocrx_word' id='word_1_23' title='bbox 168 577 260 635; x_wconf 90' lang='lat' dir='ltr'><strong>copus</strong></span> <span class='ocrx_word' id='word_1_24' title='bbox 283 557 353 618; x_wconf 85' lang='lat' dir='ltr'><strong>suit:</strong></span> <span class='ocrx_word' id='word_1_25' title='bbox 381 558 461 616; x_wconf 90' lang='lat' dir='ltr'><strong>unde</strong></span> <span class='ocrx_word' id='word_1_26' title='bbox 481 567 511 618; x_wconf 92' lang='lat' dir='ltr'><strong>et</strong></span> <span class='ocrx_word' id='word_1_27' title='bbox 531 559 669 634; x_wconf 86' lang='lat' dir='ltr'><strong>expulsus</strong></span> <span class='ocrx_word' id='word_1_28' title='bbox 690 559 729 617; x_wconf 90' lang='lat' dir='ltr'><strong>de</strong></span> <span class='ocrx_word' id='word_1_29' title='bbox 750 557 885 632; x_wconf 91' lang='lat' dir='ltr'><strong>Lindissi,</strong></span> <span class='ocrx_word' id='word_1_30' title='bbox 906 559 938 619; x_wconf 89' lang='lat' dir='ltr'><strong>in</strong></span> <span class='ocrx_word' id='word_1_31' title='bbox 958 558 1072 620; x_wconf 86' lang='lat' dir='ltr'><strong>illarum</strong></span> <span class='ocrx_word' id='word_1_32' title='bbox 1092 578 1158 637; x_wconf 91' lang='lat' dir='ltr'><strong>pro·</strong></span> 
     </span>
     <span class='ocr_line' id='line_1_6' title="bbox 168 652 1158 730; baseline 0.003 -17"><span class='ocrx_word' id='word_1_33' title='bbox 168 653 328 713; x_wconf 88' lang='lat' dir='ltr'><strong>uinciarum</strong></span> <span class='ocrx_word' id='word_1_34' title='bbox 349 653 488 730; x_wconf 86' lang='lat' dir='ltr'><strong>regimine</strong></span> <span class='ocrx_word' id='word_1_35' title='bbox 509 652 677 728; x_wconf 77' lang='lat' dir='ltr'><strong>permansit.</strong></span> <span class='ocrx_word' id='word_1_36' title='bbox 720 653 847 712; x_wconf 87' lang='lat' dir='ltr'><strong>ordinati</strong></span> <span class='ocrx_word' id='word_1_37' title='bbox 869 665 938 714; x_wconf 89' lang='lat' dir='ltr'><strong>sunt</strong></span> <span class='ocrx_word' id='word_1_38' title='bbox 960 666 1058 715; x_wconf 89' lang='lat' dir='ltr'><strong>autem</strong></span> <span class='ocrx_word' id='word_1_39' title='bbox 1082 657 1158 716; x_wconf 83' lang='lat' dir='ltr'><strong>Fad-</strong></span> 
     </span>
    </p>

    <p class='ocr_par' dir='ltr' id='par_1_4' title="bbox 137 747 1195 1211">
     <span class='ocr_line' id='line_1_7' title="bbox 137 747 1155 828; baseline 0.004 -21"><span class='ocrx_word' id='word_1_40' title='bbox 137 748 243 828; x_wconf 83' lang='lat' dir='ltr'><strong>5haed</strong></span> <span class='ocrx_word' id='word_1_41' title='bbox 267 751 345 807; x_wconf 84' lang='lat' dir='ltr'><strong>Bosa</strong></span> <span class='ocrx_word' id='word_1_42' title='bbox 366 759 396 807; x_wconf 90' lang='lat' dir='ltr'><strong>et</strong></span> <span class='ocrx_word' id='word_1_43' title='bbox 418 749 492 806; x_wconf 84' lang='lat' dir='ltr'><strong>Eata</strong></span> <span class='ocrx_word' id='word_1_44' title='bbox 514 747 640 807; x_wconf 85' lang='lat' dir='ltr'>Eboraci</span> <span class='ocrx_word' id='word_1_45' title='bbox 665 749 703 806; x_wconf 92' lang='lat' dir='ltr'><strong>ab</strong></span> <span class='ocrx_word' id='word_1_46' title='bbox 727 748 949 826; x_wconf 85' lang='lat' dir='ltr'>archiepiscopo</span> <span class='ocrx_word' id='word_1_47' title='bbox 976 752 1155 811; x_wconf 91' lang='lat' dir='ltr'><strong>Theodoro:</strong></span> 
     </span>
     <span class='ocr_line' id='line_1_8' title="bbox 169 842 1157 921; baseline 0.005 -19"><span class='ocrx_word' id='word_1_48' title='bbox 169 844 220 920; x_wconf 91' lang='lat' dir='ltr'><strong>qui</strong></span> <span class='ocrx_word' id='word_1_49' title='bbox 228 843 317 904; x_wconf 89' lang='lat' dir='ltr'><strong>etiam</strong></span> <span class='ocrx_word' id='word_1_50' title='bbox 330 855 399 921; x_wconf 93' lang='lat' dir='ltr'><strong>post</strong></span> <span class='ocrx_word' id='word_1_51' title='bbox 407 855 465 903; x_wconf 90' lang='lat' dir='ltr'><strong>tres</strong></span> <span class='ocrx_word' id='word_1_52' title='bbox 479 842 674 902; x_wconf 88' lang='lat' dir='ltr'><strong>abscessionis</strong></span> <span class='ocrx_word' id='word_1_53' title='bbox 687 843 804 903; x_wconf 84' lang='lat' dir='ltr'><strong>Vilsridi</strong></span> <span class='ocrx_word' id='word_1_54' title='bbox 818 863 911 904; x_wconf 89' lang='lat' dir='ltr'><strong>annos</strong></span> <span class='ocrx_word' id='word_1_55' title='bbox 921 846 1025 905; x_wconf 89' lang='lat' dir='ltr'><strong>homm</strong></span> <span class='ocrx_word' id='word_1_56' title='bbox 1033 865 1157 908; x_wconf 89' lang='lat' dir='ltr'><strong>numero</strong></span> 
     </span>
     <span class='ocr_line' id='line_1_9' title="bbox 168 939 1156 1020; baseline 0.003 -19"><span class='ocrx_word' id='word_1_57' title='bbox 168 943 244 1002; x_wconf 89' lang='lat' dir='ltr'><strong>duos</strong></span> <span class='ocrx_word' id='word_1_58' title='bbox 264 940 379 1001; x_wconf 87' lang='lat' dir='ltr'><strong>addidit</strong></span> <span class='ocrx_word' id='word_1_59' title='bbox 399 939 551 1012; x_wconf 85' lang='lat' dir='ltr'><strong>antistites,</strong></span> <span class='ocrx_word' id='word_1_60' title='bbox 574 941 778 999; x_wconf 87' lang='lat' dir='ltr'><strong>Tunberctum</strong></span> <span class='ocrx_word' id='word_1_61' title='bbox 801 941 840 1001; x_wconf 90' lang='lat' dir='ltr'><strong>ad</strong></span> <span class='ocrx_word' id='word_1_62' title='bbox 864 941 1018 1001; x_wconf 90' lang='lat' dir='ltr'><strong>ecclesiam</strong></span> <span class='ocrx_word' id='word_1_63' title='bbox 1041 945 1156 1020; x_wconf 86' lang='lat' dir='ltr'><strong>Hagus·</strong></span> 
     </span>
     <span class='ocr_line' id='line_1_10' title="bbox 168 1035 1156 1110; baseline 0.001 -12"><span class='ocrx_word' id='word_1_64' title='bbox 168 1038 333 1098; x_wconf 90' lang='lat' dir='ltr'><strong>taldensem</strong></span> <span class='ocrx_word' id='word_1_65' title='bbox 345 1045 515 1095; x_wconf 81' lang='lat' dir='ltr'><strong>remanente</strong></span> <span class='ocrx_word' id='word_1_66' title='bbox 525 1037 601 1094; x_wconf 85' lang='lat' dir='ltr'><strong>Eata</strong></span> <span class='ocrx_word' id='word_1_67' title='bbox 613 1035 653 1094; x_wconf 91' lang='lat' dir='ltr'><strong>ad</strong></span> <span class='ocrx_word' id='word_1_68' title='bbox 667 1035 944 1110; x_wconf 81' lang='lat' dir='ltr'><strong>Lindisfarnensem,</strong></span> <span class='ocrx_word' id='word_1_69' title='bbox 959 1047 989 1097; x_wconf 90' lang='lat' dir='ltr'><strong>et</strong></span> <span class='ocrx_word' id='word_1_70' title='bbox 1002 1038 1156 1100; x_wconf 88' lang='lat' dir='ltr'><strong>Trumuini</strong></span> 
     </span>
     <span class='ocr_line' id='line_1_11' title="bbox 168 1130 1195 1211; baseline 0.002 -18"><span class='ocrx_word' id='word_1_71' title='bbox 168 1135 208 1193; x_wconf 90' lang='lat' dir='ltr'><strong>ad</strong></span> <span class='ocrx_word' id='word_1_72' title='bbox 221 1131 404 1211; x_wconf 88' lang='lat' dir='ltr'><strong>prouinciam</strong></span> <span class='ocrx_word' id='word_1_73' title='bbox 418 1131 565 1190; x_wconf 89' lang='lat' dir='ltr'><strong>Pictorum</strong></span> <span class='ocrx_word' id='word_1_74' title='bbox 580 1149 657 1206; x_wconf 84' lang='lat' dir='ltr'><strong>quae</strong></span> <span class='ocrx_word' id='word_1_75' title='bbox 671 1141 742 1189; x_wconf 90' lang='lat' dir='ltr'><strong>tunc</strong></span> <span class='ocrx_word' id='word_1_76' title='bbox 761 1130 900 1208; x_wconf 88' lang='lat' dir='ltr'><strong>temporis</strong></span> <span class='ocrx_word' id='word_1_77' title='bbox 919 1134 1080 1208; x_wconf 85' lang='lat' dir='ltr'><strong>Anglorum</strong></span> <span class='ocrx_word' id='word_1_78' title='bbox 1095 1147 1156 1195; x_wconf 90' lang='lat' dir='ltr'><strong>erat</strong></span> <span class='ocrx_word' id='word_1_79' title='bbox 1189 1177 1195 1183; x_wconf 91' lang='lat'>-</span> 
     </span>
    </p>

    <p class='ocr_par' dir='ltr' id='par_1_5' title="bbox 119 1225 1156 1492">
     <span class='ocr_line' id='line_1_12' title="bbox 119 1225 1156 1304; baseline 0.002 -16"><span class='ocrx_word' id='word_1_80' title='bbox 119 1249 156 1288; x_wconf 80' lang='grc' dir='ltr'><strong>ιο</strong></span> <span class='ocrx_word' id='word_1_81' title='bbox 168 1227 292 1304; x_wconf 89' lang='lat' dir='ltr'><strong>imperio</strong></span> <span class='ocrx_word' id='word_1_82' title='bbox 311 1225 452 1286; x_wconf 82' lang='lat' dir='ltr'><strong>subiecta</strong></span> <span class='ocrx_word' id='word_1_83' title='bbox 493 1225 686 1285; x_wconf 90' lang='lat' dir='ltr'><strong>Eadhaedum</strong></span> <span class='ocrx_word' id='word_1_84' title='bbox 713 1225 752 1285; x_wconf 89' lang='lat' dir='ltr'><strong>de</strong></span> <span class='ocrx_word' id='word_1_85' title='bbox 779 1225 907 1286; x_wconf 89' lang='lat' dir='ltr'><strong>Lindissi</strong></span> <span class='ocrx_word' id='word_1_86' title='bbox 933 1246 1090 1302; x_wconf 88' lang='lat' dir='ltr'><strong>reuersum,</strong></span> <span class='ocrx_word' id='word_1_87' title='bbox 1119 1249 1156 1290; x_wconf 93' lang='lat' dir='ltr'><strong>eo</strong></span> 
     </span>
     <span class='ocr_line' id='line_1_13' title="bbox 169 1319 1155 1400; baseline 0.005 -20"><span class='ocrx_word' id='word_1_88' title='bbox 169 1323 250 1397; x_wconf 90' lang='lat' dir='ltr'><strong>quod</strong></span> <span class='ocrx_word' id='word_1_89' title='bbox 276 1321 416 1381; x_wconf 88' lang='lat' dir='ltr'><strong>Aedilred</strong></span> <span class='ocrx_word' id='word_1_90' title='bbox 439 1319 622 1399; x_wconf 88' lang='lat' dir='ltr'><strong>prouinciam</strong></span> <span class='ocrx_word' id='word_1_91' title='bbox 647 1320 814 1397; x_wconf 83' lang='lat' dir='ltr'><strong>recepisset,</strong></span> <span class='ocrx_word' id='word_1_92' title='bbox 838 1321 988 1400; x_wconf 86' lang='lat' dir='ltr'><strong>Hrypensi</strong></span> <span class='ocrx_word' id='word_1_93' title='bbox 1015 1324 1155 1385; x_wconf 86' lang='lat' dir='ltr'><strong>ecclesiae</strong></span> 
     </span>
     <span class='ocr_line' id='line_1_14' title="bbox 169 1417 315 1492; baseline 0.014 -18"><span class='ocrx_word' id='word_1_94' title='bbox 169 1417 315 1492; x_wconf 82' lang='lat' dir='ltr'><strong>praefecit.</strong></span> 
     </span>
    </p>
   </div>
   <div class='ocr_carea' id='block_1_4' title="bbox 174 1671 1156 1928">
    <p class='ocr_par' dir='ltr' id='par_1_6' title="bbox 174 1671 1156 1928">
     <span class='ocr_line' id='line_1_15' title="bbox 620 1671 702 1730; baseline 0 0"><span class='ocrx_word' id='word_1_95' title='bbox 620 1671 702 1730; x_wconf 88' lang='lat' dir='ltr'>XIII</span> 
     </span>
     <span class='ocr_line' id='line_1_16' title="bbox 174 1803 1156 1928; baseline 0.006 -67"><span class='ocrx_word' id='word_1_96' title='bbox 174 1803 355 1928; x_wconf 82' lang='lat' dir='ltr'>PVLSVS</span> <span class='ocrx_word' id='word_1_97' title='bbox 377 1816 421 1865; x_wconf 91' lang='lat' dir='ltr'><strong>est</strong></span> <span class='ocrx_word' id='word_1_98' title='bbox 441 1816 540 1865; x_wconf 91' lang='lat' dir='ltr'><strong>autem</strong></span> <span class='ocrx_word' id='word_1_99' title='bbox 560 1808 598 1866; x_wconf 90' lang='lat' dir='ltr'><strong>ab</strong></span> <span class='ocrx_word' id='word_1_100' title='bbox 619 1807 791 1883; x_wconf 90' lang='lat' dir='ltr'><strong>episcopatu</strong></span> <span class='ocrx_word' id='word_1_101' title='bbox 812 1827 865 1866; x_wconf 91' lang='lat' dir='ltr'><strong>suo</strong></span> <span class='ocrx_word' id='word_1_102' title='bbox 883 1807 997 1880; x_wconf 84' lang='lat' dir='ltr'><strong>Villrid,</strong></span> <span class='ocrx_word' id='word_1_103' title='bbox 1016 1818 1046 1867; x_wconf 90' lang='lat' dir='ltr'><strong>et</strong></span> <span class='ocrx_word' id='word_1_104' title='bbox 1064 1811 1156 1868; x_wconf 85' lang='lat' dir='ltr'><strong>multa</strong></span> 
     </span>
    </p>
   </div>
   <div class='ocr_carea' id='block_1_5' title="bbox 112 1901 1155 3521">
    <p class='ocr_par' dir='ltr' id='par_1_7' title="bbox 118 1901 1155 2364">
     <span class='ocr_line' id='line_1_17' title="bbox 118 1901 1155 1997; baseline 0.004 -37"><span class='ocrx_word' id='word_1_105' title='bbox 118 1938 152 1997; x_wconf 87' lang='lat'><strong>15</strong></span> <span class='ocrx_word' id='word_1_106' title='bbox 249 1901 301 1962; x_wconf 91' lang='lat' dir='ltr'><strong>diu</strong></span> <span class='ocrx_word' id='word_1_107' title='bbox 321 1904 388 1962; x_wconf 90' lang='lat' dir='ltr'><strong>loca</strong></span> <span class='ocrx_word' id='word_1_108' title='bbox 407 1913 580 1979; x_wconf 87' lang='lat' dir='ltr'><strong>pemagatus</strong></span> <span class='ocrx_word' id='word_1_109' title='bbox 607 1905 736 1963; x_wconf 90' lang='lat' dir='ltr'><strong>Romam</strong></span> <span class='ocrx_word' id='word_1_110' title='bbox 757 1903 837 1977; x_wconf 91' lang='lat' dir='ltr'><strong>adiit,</strong></span> <span class='ocrx_word' id='word_1_111' title='bbox 863 1904 1033 1963; x_wconf 84' lang='lat' dir='ltr'><strong>Brittaniam</strong></span> <span class='ocrx_word' id='word_1_112' title='bbox 1057 1905 1155 1980; x_wconf 74' lang='lat' dir='ltr'><strong>recliit;</strong></span> 
     </span>
     <span class='ocr_line' id='line_1_18' title="bbox 168 1997 1154 2077; baseline 0 -19"><span class='ocrx_word' id='word_1_113' title='bbox 168 2009 198 2058; x_wconf 90' lang='lat' dir='ltr'><strong>et</strong></span> <span class='ocrx_word' id='word_1_114' title='bbox 225 1997 250 2058; x_wconf 88' lang='lat' dir='ltr'><strong>si</strong></span> <span class='ocrx_word' id='word_1_115' title='bbox 281 2008 401 2075; x_wconf 87' lang='lat' dir='ltr'><strong>propter</strong></span> <span class='ocrx_word' id='word_1_116' title='bbox 433 1997 598 2057; x_wconf 86' lang='lat' dir='ltr'><strong>inimicitias</strong></span> <span class='ocrx_word' id='word_1_117' title='bbox 625 1999 780 2058; x_wconf 87' lang='lat' dir='ltr'><strong>memorati</strong></span> <span class='ocrx_word' id='word_1_118' title='bbox 807 1998 881 2076; x_wconf 84' lang='lat' dir='ltr'><strong>regis</strong></span> <span class='ocrx_word' id='word_1_119' title='bbox 908 2000 939 2059; x_wconf 90' lang='lat' dir='ltr'><strong>in</strong></span> <span class='ocrx_word' id='word_1_120' title='bbox 966 1999 1059 2077; x_wconf 79' lang='lat' dir='ltr'><strong>patria</strong></span> <span class='ocrx_word' id='word_1_121' title='bbox 1092 2001 1154 2059; x_wconf 92' lang='lat' dir='ltr'><strong>siue</strong></span> 
     </span>
     <span class='ocr_line' id='line_1_19' title="bbox 167 2092 1155 2172; baseline 0.002 -21"><span class='ocrx_word' id='word_1_122' title='bbox 167 2094 320 2169; x_wconf 87' lang='lat' dir='ltr'><strong>parrochia</strong></span> <span class='ocrx_word' id='word_1_123' title='bbox 343 2112 396 2152; x_wconf 88' lang='lat' dir='ltr'><strong>sua</strong></span> <span class='ocrx_word' id='word_1_124' title='bbox 417 2092 509 2170; x_wconf 89' lang='lat' dir='ltr'><strong>recipi</strong></span> <span class='ocrx_word' id='word_1_125' title='bbox 531 2112 593 2152; x_wconf 91' lang='lat' dir='ltr'><strong>non</strong></span> <span class='ocrx_word' id='word_1_126' title='bbox 616 2094 721 2169; x_wconf 92' lang='lat' dir='ltr'><strong>potuit,</strong></span> <span class='ocrx_word' id='word_1_127' title='bbox 746 2114 807 2154; x_wconf 88' lang='lat' dir='ltr'><strong>non</strong></span> <span class='ocrx_word' id='word_1_128' title='bbox 832 2107 930 2154; x_wconf 89' lang='lat' dir='ltr'><strong>tamen</strong></span> <span class='ocrx_word' id='word_1_129' title='bbox 950 2098 988 2154; x_wconf 90' lang='lat' dir='ltr'><strong>ab</strong></span> <span class='ocrx_word' id='word_1_130' title='bbox 1012 2095 1155 2172; x_wconf 84' lang='lat' dir='ltr'><strong>euangeli-</strong></span> 
     </span>
     <span class='ocr_line' id='line_1_20' title="bbox 166 2189 1154 2267; baseline 0.003 -19"><span class='ocrx_word' id='word_1_131' title='bbox 166 2189 253 2249; x_wconf 86' lang='lat' dir='ltr'><strong>zandi</strong></span> <span class='ocrx_word' id='word_1_132' title='bbox 273 2190 369 2266; x_wconf 93' lang='lat' dir='ltr'><strong>potuit</strong></span> <span class='ocrx_word' id='word_1_133' title='bbox 395 2189 554 2249; x_wconf 90' lang='lat' dir='ltr'><strong>ministerio</strong></span> <span class='ocrx_word' id='word_1_134' title='bbox 581 2189 729 2249; x_wconf 86' lang='lat' dir='ltr'><strong>cohiberi:</strong></span> <span class='ocrx_word' id='word_1_135' title='bbox 763 2191 907 2267; x_wconf 90' lang='lat' dir='ltr'><strong>siquidem</strong></span> <span class='ocrx_word' id='word_1_136' title='bbox 941 2192 1089 2252; x_wconf 89' lang='lat' dir='ltr'><strong>diuertens</strong></span> <span class='ocrx_word' id='word_1_137' title='bbox 1115 2194 1154 2251; x_wconf 89' lang='lat' dir='ltr'><strong>ad</strong></span> 
     </span>
     <span class='ocr_line' id='line_1_21' title="bbox 167 2287 1155 2364; baseline 0.002 -18"><span class='ocrx_word' id='word_1_138' title='bbox 167 2287 348 2363; x_wconf 89' lang='lat' dir='ltr'><strong>prouinciam</strong></span> <span class='ocrx_word' id='word_1_139' title='bbox 363 2287 542 2346; x_wconf 87' lang='lat' dir='ltr'><strong>Australium</strong></span> <span class='ocrx_word' id='word_1_140' title='bbox 562 2288 718 2360; x_wconf 82' lang='lat' dir='ltr'><strong>Saxonum,</strong></span> <span class='ocrx_word' id='word_1_141' title='bbox 739 2307 814 2364; x_wconf 90' lang='lat' dir='ltr'><strong>quae</strong></span> <span class='ocrx_word' id='word_1_142' title='bbox 833 2299 901 2364; x_wconf 94' lang='lat' dir='ltr'><strong>post</strong></span> <span class='ocrx_word' id='word_1_143' title='bbox 922 2289 1095 2348; x_wconf 91' lang='lat' dir='ltr'><strong>Cantuarios</strong></span> <span class='ocrx_word' id='word_1_144' title='bbox 1115 2291 1155 2348; x_wconf 91' lang='lat' dir='ltr'><strong>ad</strong></span> 
     </span>
    </p>

    <p class='ocr_par' dir='ltr' id='par_1_8' title="bbox 114 2383 1154 2844">
     <span class='ocr_line' id='line_1_22' title="bbox 114 2383 1154 2475; baseline 0.003 -32"><span class='ocrx_word' id='word_1_145' title='bbox 114 2417 154 2456; x_wconf 85' lang='lat'><strong>20</strong></span> <span class='ocrx_word' id='word_1_146' title='bbox 166 2395 295 2444; x_wconf 87' lang='lat' dir='ltr'><strong>austrum</strong></span> <span class='ocrx_word' id='word_1_147' title='bbox 310 2395 340 2444; x_wconf 90' lang='lat' dir='ltr'><strong>et</strong></span> <span class='ocrx_word' id='word_1_148' title='bbox 359 2385 398 2443; x_wconf 91' lang='lat' dir='ltr'><strong>ad</strong></span> <span class='ocrx_word' id='word_1_149' title='bbox 419 2383 605 2475; x_wconf 71' lang='lat' dir='ltr'><strong>occidentem</strong></span> <span class='ocrx_word' id='word_1_150' title='bbox 623 2403 717 2459; x_wconf 92' lang='lat' dir='ltr'><strong>usque</strong></span> <span class='ocrx_word' id='word_1_151' title='bbox 737 2385 776 2443; x_wconf 90' lang='lat' dir='ltr'><strong>ad</strong></span> <span class='ocrx_word' id='word_1_152' title='bbox 797 2385 1004 2446; x_wconf 89' lang='lat' dir='ltr'><strong>Occidentales</strong></span> <span class='ocrx_word' id='word_1_153' title='bbox 1024 2388 1154 2447; x_wconf 85' lang='lat' dir='ltr'><strong>Saxones</strong></span> 
     </span>
     <span class='ocr_line' id='line_1_23' title="bbox 166 2479 1154 2557; baseline 0.002 -17"><span class='ocrx_word' id='word_1_154' title='bbox 166 2481 305 2557; x_wconf 85' lang='lat' dir='ltr'><strong>pertingit</strong></span> <span class='ocrx_word' id='word_1_155' title='bbox 323 2482 435 2540; x_wconf 87' lang='lat' dir='ltr'><strong>habens</strong></span> <span class='ocrx_word' id='word_1_156' title='bbox 454 2490 559 2538; x_wconf 91' lang='lat' dir='ltr'><strong>terram</strong></span> <span class='ocrx_word' id='word_1_157' title='bbox 578 2479 751 2538; x_wconf 80' lang='lat' dir='ltr'><strong>familiarum</strong></span> <span class='ocrx_word' id='word_1_158' title='bbox 772 2479 813 2539; x_wconf 92' lang='lat' dir='ltr'><strong>uii</strong></span> <span class='ocrx_word' id='word_1_159' title='bbox 830 2480 943 2540; x_wconf 88' lang='lat' dir='ltr'><strong>milium</strong></span> <span class='ocrx_word' id='word_1_160' title='bbox 956 2492 987 2541; x_wconf 91' lang='lat' dir='ltr'><strong>et</strong></span> <span class='ocrx_word' id='word_1_161' title='bbox 1004 2500 1040 2542; x_wconf 92' lang='lat' dir='ltr'><strong>eo</strong></span> <span class='ocrx_word' id='word_1_162' title='bbox 1056 2484 1154 2543; x_wconf 91' lang='lat' dir='ltr'><strong>adhuc</strong></span> 
     </span>
     <span class='ocr_line' id='line_1_24' title="bbox 166 2574 1154 2654; baseline 0.004 -18"><span class='ocrx_word' id='word_1_163' title='bbox 166 2589 298 2654; x_wconf 90' lang='lat' dir='ltr'><strong>tempore</strong></span> <span class='ocrx_word' id='word_1_164' title='bbox 319 2574 440 2654; x_wconf 85' lang='lat' dir='ltr'><strong>paganis</strong></span> <span class='ocrx_word' id='word_1_165' title='bbox 463 2575 589 2636; x_wconf 92' lang='lat' dir='ltr'><strong>cultibus</strong></span> <span class='ocrx_word' id='word_1_166' title='bbox 617 2576 771 2649; x_wconf 88' lang='lat' dir='ltr'><strong>seruiebat,</strong></span> <span class='ocrx_word' id='word_1_167' title='bbox 793 2577 862 2637; x_wconf 92' lang='lat' dir='ltr'><strong>huic</strong></span> <span class='ocrx_word' id='word_1_168' title='bbox 887 2580 1011 2638; x_wconf 90' lang='lat' dir='ltr'><strong>uerbum</strong></span> <span class='ocrx_word' id='word_1_169' title='bbox 1034 2579 1102 2639; x_wconf 88' lang='lat' dir='ltr'><strong>fidei</strong></span> <span class='ocrx_word' id='word_1_170' title='bbox 1125 2593 1154 2640; x_wconf 89' lang='lat' dir='ltr'><strong>et</strong></span> 
     </span>
     <span class='ocr_line' id='line_1_25' title="bbox 166 2671 1154 2752; baseline 0.005 -20"><span class='ocrx_word' id='word_1_171' title='bbox 166 2675 313 2733; x_wconf 87' lang='lat' dir='ltr'><strong>lauacrum</strong></span> <span class='ocrx_word' id='word_1_172' title='bbox 331 2672 431 2733; x_wconf 86' lang='lat' dir='ltr'><strong>salutis</strong></span> <span class='ocrx_word' id='word_1_173' title='bbox 452 2671 641 2732; x_wconf 88' lang='lat' dir='ltr'><strong>ministrabat.</strong></span> <span class='ocrx_word' id='word_1_174' title='bbox 685 2683 746 2732; x_wconf 89' lang='lat' dir='ltr'><strong>erat</strong></span> <span class='ocrx_word' id='word_1_175' title='bbox 764 2684 862 2733; x_wconf 91' lang='lat' dir='ltr'><strong>autem</strong></span> <span class='ocrx_word' id='word_1_176' title='bbox 880 2675 1042 2750; x_wconf 78' lang='lat' dir='ltr'><strong>tergentis</strong></span> <span class='ocrx_word' id='word_1_177' title='bbox 1063 2675 1154 2752; x_wconf 89' lang='lat' dir='ltr'><strong>ipsius</strong></span> 
     </span>
     <span class='ocr_line' id='line_1_26' title="bbox 165 2767 1154 2844; baseline 0.003 -17"><span class='ocrx_word' id='word_1_178' title='bbox 165 2769 339 2842; x_wconf 87' lang='lat' dir='ltr'><strong>Aediluach,</strong></span> <span class='ocrx_word' id='word_1_179' title='bbox 360 2786 422 2827; x_wconf 91' lang='lat' dir='ltr'><strong>non</strong></span> <span class='ocrx_word' id='word_1_180' title='bbox 444 2769 537 2826; x_wconf 89' lang='lat' dir='ltr'><strong>multo</strong></span> <span class='ocrx_word' id='word_1_181' title='bbox 564 2778 633 2826; x_wconf 87' lang='lat' dir='ltr'><strong>ante</strong></span> <span class='ocrx_word' id='word_1_182' title='bbox 661 2767 825 2842; x_wconf 89' lang='lat' dir='ltr'><strong>baptizatus</strong></span> <span class='ocrx_word' id='word_1_183' title='bbox 849 2767 880 2826; x_wconf 90' lang='lat' dir='ltr'><strong>in</strong></span> <span class='ocrx_word' id='word_1_184' title='bbox 903 2769 1055 2844; x_wconf 88' lang='lat' dir='ltr'><strong>prouincia</strong></span> <span class='ocrx_word' id='word_1_185' title='bbox 1078 2773 1154 2830; x_wconf 89' lang='lat' dir='ltr'><strong>Mer-</strong></span> 
     </span>
    </p>

    <p class='ocr_par' dir='ltr' id='par_1_9' title="bbox 114 2864 1154 3327">
     <span class='ocr_line' id='line_1_27' title="bbox 114 2864 1153 2948; baseline 0.003 -24"><span class='ocrx_word' id='word_1_186' title='bbox 114 2892 131 2931; x_wconf 84' lang='lat'>2</span> <span class='ocrx_word' id='word_1_187' title='bbox 135 2889 151 2948; x_wconf 85' lang='lat'>5</span> <span class='ocrx_word' id='word_1_188' title='bbox 165 2864 278 2924; x_wconf 90' lang='lat' dir='ltr'><strong>ciomm</strong></span> <span class='ocrx_word' id='word_1_189' title='bbox 290 2874 443 2941; x_wconf 91' lang='lat' dir='ltr'><strong>praesente</strong></span> <span class='ocrx_word' id='word_1_190' title='bbox 463 2882 499 2922; x_wconf 91' lang='lat' dir='ltr'><strong>ac</strong></span> <span class='ocrx_word' id='word_1_191' title='bbox 518 2874 691 2939; x_wconf 84' lang='lat' dir='ltr'><strong>suggerente</strong></span> <span class='ocrx_word' id='word_1_192' title='bbox 705 2881 772 2941; x_wconf 87' lang='lat' dir='ltr'><strong>rege</strong></span> <span class='ocrx_word' id='word_1_193' title='bbox 790 2866 943 2938; x_wconf 88' lang='lat' dir='ltr'><strong>Vulfhere‚</strong></span> <span class='ocrx_word' id='word_1_194' title='bbox 958 2885 1051 2942; x_wconf 88' lang='lat' dir='ltr'><strong>aquo</strong></span> <span class='ocrx_word' id='word_1_195' title='bbox 1066 2868 1153 2928; x_wconf 89' lang='lat' dir='ltr'><strong>etiam</strong></span> 
     </span>
     <span class='ocr_line' id='line_1_28' title="bbox 166 2960 1153 3040; baseline 0.005 -21"><span class='ocrx_word' id='word_1_196' title='bbox 166 2980 296 3038; x_wconf 85' lang='lat' dir='ltr'><strong>egressus</strong></span> <span class='ocrx_word' id='word_1_197' title='bbox 315 2962 353 3020; x_wconf 93' lang='lat' dir='ltr'><strong>de</strong></span> <span class='ocrx_word' id='word_1_198' title='bbox 371 2960 451 3019; x_wconf 80' lang='lat' dir='ltr'><strong>fonte</strong></span> <span class='ocrx_word' id='word_1_199' title='bbox 468 2961 536 3019; x_wconf 93' lang='lat' dir='ltr'><strong>loco</strong></span> <span class='ocrx_word' id='word_1_200' title='bbox 553 2960 604 3018; x_wconf 89' lang='lat' dir='ltr'><strong>filii</strong></span> <span class='ocrx_word' id='word_1_201' title='bbox 624 2971 776 3036; x_wconf 91' lang='lat' dir='ltr'><strong>susceptus</strong></span> <span class='ocrx_word' id='word_1_202' title='bbox 796 2971 860 3021; x_wconf 90' lang='lat' dir='ltr'><strong>est:</strong></span> <span class='ocrx_word' id='word_1_203' title='bbox 884 2960 915 3019; x_wconf 90' lang='lat' dir='ltr'><strong>in</strong></span> <span class='ocrx_word' id='word_1_204' title='bbox 935 2961 1018 3022; x_wconf 92' lang='lat' dir='ltr'><strong>cuius</strong></span> <span class='ocrx_word' id='word_1_205' title='bbox 1038 2963 1153 3040; x_wconf 86' lang='lat' dir='ltr'><strong>signum</strong></span> 
     </span>
     <span class='ocr_line' id='line_1_29' title="bbox 164 3055 1153 3136; baseline 0.005 -19"><span class='ocrx_word' id='word_1_206' title='bbox 164 3057 333 3136; x_wconf 89' lang='lat' dir='ltr'><strong>adoptionis</strong></span> <span class='ocrx_word' id='word_1_207' title='bbox 355 3059 428 3117; x_wconf 84' lang='lat' dir='ltr'><strong>duas</strong></span> <span class='ocrx_word' id='word_1_208' title='bbox 454 3056 495 3116; x_wconf 92' lang='lat' dir='ltr'><strong>illi</strong></span> <span class='ocrx_word' id='word_1_209' title='bbox 521 3055 691 3133; x_wconf 69' lang='lat' dir='ltr'><strong>prouincias,</strong></span> <span class='ocrx_word' id='word_1_210' title='bbox 715 3055 846 3128; x_wconf 91' lang='lat' dir='ltr'><strong>donauit,</strong></span> <span class='ocrx_word' id='word_1_211' title='bbox 870 3059 995 3117; x_wconf 88' lang='lat' dir='ltr'><strong>Vectam</strong></span> <span class='ocrx_word' id='word_1_212' title='bbox 1016 3058 1153 3122; x_wconf 88' lang='lat' dir='ltr'><strong>uidelicet</strong></span> 
     </span>
     <span class='ocr_line' id='line_1_30' title="bbox 165 3149 1154 3237; baseline -0.012 -21"><span class='ocrx_word' id='word_1_213' title='bbox 165 3155 291 3237; x_wconf 83' lang='lat' dir='ltr'><strong>insulam</strong></span> <span class='ocrx_word' id='word_1_214' title='bbox 314 3167 344 3215; x_wconf 92' lang='lat' dir='ltr'><strong>et</strong></span> <span class='ocrx_word' id='word_1_215' title='bbox 367 3155 595 3212; x_wconf 88' lang='lat' dir='ltr'><strong>Meauuarorum</strong></span> <span class='ocrx_word' id='word_1_216' title='bbox 619 3149 802 3228; x_wconf 89' lang='lat' dir='ltr'><strong>prouinciam</strong></span> <span class='ocrx_word' id='word_1_217' title='bbox 821 3152 852 3213; x_wconf 90' lang='lat' dir='ltr'><strong>in</strong></span> <span class='ocrx_word' id='word_1_218' title='bbox 872 3165 959 3231; x_wconf 84' lang='lat' dir='ltr'><strong>gente</strong></span> <span class='ocrx_word' id='word_1_219' title='bbox 980 3156 1154 3219; x_wconf 80' lang='lat' dir='ltr'><strong>Occidenta.</strong></span> 
     </span>
     <span class='ocr_line' id='line_1_31' title="bbox 164 3249 1153 3327; baseline 0.005 -16"><span class='ocrx_word' id='word_1_220' title='bbox 164 3252 237 3311; x_wconf 91' lang='lat' dir='ltr'><strong>lium</strong></span> <span class='ocrx_word' id='word_1_221' title='bbox 250 3254 411 3312; x_wconf 84' lang='lat' dir='ltr'><strong>Saxonum.</strong></span> <span class='ocrx_word' id='word_1_222' title='bbox 432 3249 531 3325; x_wconf 87' lang='lat' dir='ltr'><strong>itaque</strong></span> <span class='ocrx_word' id='word_1_223' title='bbox 545 3249 710 3327; x_wconf 90' lang='lat' dir='ltr'><strong>episcopus,</strong></span> <span class='ocrx_word' id='word_1_224' title='bbox 727 3250 910 3311; x_wconf 89' lang='lat' dir='ltr'><strong>concedente</strong></span> <span class='ocrx_word' id='word_1_225' title='bbox 923 3250 1015 3313; x_wconf 89' lang='lat' dir='ltr'><strong>immo</strong></span> <span class='ocrx_word' id='word_1_226' title='bbox 1028 3256 1153 3316; x_wconf 89' lang='lat' dir='ltr'><strong>multum</strong></span> 
     </span>
    </p>

    <p class='ocr_par' dir='ltr' id='par_1_10' title="bbox 112 3343 1154 3521">
     <span class='ocr_line' id='line_1_32' title="bbox 112 3343 1154 3426; baseline 0.005 -19"><span class='ocrx_word' id='word_1_227' title='bbox 112 3367 153 3426; x_wconf 85' lang='lat'><strong>30</strong></span> <span class='ocrx_word' id='word_1_228' title='bbox 164 3347 312 3424; x_wconf 83' lang='lat' dir='ltr'><strong>gaudente</strong></span> <span class='ocrx_word' id='word_1_229' title='bbox 335 3363 412 3421; x_wconf 86' lang='lat' dir='ltr'><strong>rege,</strong></span> <span class='ocrx_word' id='word_1_230' title='bbox 434 3343 544 3420; x_wconf 86' lang='lat' dir='ltr'><strong>primos</strong></span> <span class='ocrx_word' id='word_1_231' title='bbox 565 3344 737 3421; x_wconf 88' lang='lat' dir='ltr'><strong>prouinciae</strong></span> <span class='ocrx_word' id='word_1_232' title='bbox 760 3344 850 3403; x_wconf 88' lang='lat' dir='ltr'><strong>duces</strong></span> <span class='ocrx_word' id='word_1_233' title='bbox 873 3363 909 3404; x_wconf 88' lang='lat' dir='ltr'><strong>ac</strong></span> <span class='ocrx_word' id='word_1_234' title='bbox 929 3346 1036 3408; x_wconf 91' lang='lat' dir='ltr'><strong>milites</strong></span> <span class='ocrx_word' id='word_1_235' title='bbox 1060 3369 1154 3411; x_wconf 89' lang='lat' dir='ltr'><strong>sacro·</strong></span> 
     </span>
     <span class='ocr_line' id='line_1_33' title="bbox 165 3439 1154 3521; baseline 0.004 -16"><span class='ocrx_word' id='word_1_236' title='bbox 165 3458 267 3506; x_wconf 87' lang='lat' dir='ltr'><strong>sancto</strong></span> <span class='ocrx_word' id='word_1_237' title='bbox 289 3445 371 3503; x_wconf 88' lang='lat' dir='ltr'><strong>sonte</strong></span> <span class='ocrx_word' id='word_1_238' title='bbox 393 3443 531 3502; x_wconf 85' lang='lat' dir='ltr'><strong>abluebat</strong></span> <span class='ocrx_word' id='word_1_239' title='bbox 540 3462 549 3515; x_wconf 89' lang='lat'>;</span> <span class='ocrx_word' id='word_1_240' title='bbox 569 3462 672 3502; x_wconf 89' lang='lat' dir='ltr'><strong>uemm</strong></span> <span class='ocrx_word' id='word_1_241' title='bbox 692 3439 854 3519; x_wconf 88' lang='lat' dir='ltr'><strong>presbyteri</strong></span> <span class='ocrx_word' id='word_1_242' title='bbox 878 3443 981 3521; x_wconf 88' lang='lat' dir='ltr'><strong>Eappa</strong></span> <span class='ocrx_word' id='word_1_243' title='bbox 1000 3457 1029 3506; x_wconf 88' lang='lat' dir='ltr'><strong>et</strong></span> <span class='ocrx_word' id='word_1_244' title='bbox 1050 3448 1154 3509; x_wconf 92' lang='lat' dir='ltr'><strong>Padda</strong></span> 
     </span>
    </p>
   </div>
   <div class='ocr_carea' id='block_1_6' title="bbox 996 3561 1071 3619">
    <p class='ocr_par' dir='ltr' id='par_1_11' title="bbox 996 3561 1071 3619">
     <span class='ocr_line' id='line_1_34' title="bbox 996 3561 1071 3619; baseline 0.04 -3"><span class='ocrx_word' id='word_1_245' title='bbox 996 3561 1071 3619; x_wconf 85' lang='lat'><strong>8-2</strong></span> 
     </span>
    </p>
   </div>
   <div class='ocr_carea' id='block_1_7' title="bbox 0 0 1300 3834">
    <p class='ocr_par' dir='ltr' id='par_1_12' title="bbox 0 0 1300 3834">
     <span class='ocr_line' id='line_1_35' title="bbox 0 0 1300 3834; baseline 0 1"><span class='ocrx_word' id='word_1_246' title='bbox 0 0 1300 3834; x_wconf 95' lang='lat' dir='ltr'><strong> </strong></span> 
     </span>
    </p>
   </div>
  </div>
 </body>
</html>
