2592 3834
106 236 156 318 17]
219 253 389 304 AEDAN’S
406 254 512 302 DEAT
512 254 547 303 H.
580 254 766 303 INVASION
785 254 832 303 OF
849 253 986 302 PENDA.
1055 255 1093 311 49

546 565 639 623 XVII

109 730 273 855 HVNC
293 749 360 789 cum
382 728 445 789 dies
463 729 563 789 mortis
582 730 681 806 egredi
700 749 717 789 e
735 748 857 806 corpore
876 744 1001 808 cogeret,
1016 750 1095 793 corn·

202 824 290 901 pletis
304 824 389 883 annis
403 823 590 899 episcopatus
605 824 648 883 sui
663 824 720 895 xvi,
736 837 797 884 erat
811 826 841 883 in
855 825 925 884 uilla
938 828 1017 903 regia
1033 848 1095 888 non

102 922 194 997 longe
207 922 246 979 ab
258 921 332 979 urbe
350 920 388 978 de
408 937 467 994 qua
484 918 605 994 praefati
624 938 732 977 sumus.
774 918 805 977 in
818 921 875 978 hac
889 922 967 980 enim
981 922 1093 983 habens

75 1018 260 1095 5ecclesiam
281 1028 311 1077 et
331 1015 500 1075 cubiculum
522 1015 636 1091 saepius
661 1015 771 1075 ibidem
796 1016 901 1075 diuerti
921 1036 957 1075 ac
976 1036 1094 1092 manere

102 1126 195 1191 atque
218 1114 288 1173 inde
312 1115 351 1173 ad
374 1112 603 1189 praedicandum
625 1110 851 1186 circumquaque
873 1112 951 1171 exire
972 1132 1094 1173 consue-

102 1220 205 1284 uerat;
239 1210 321 1285 quod
343 1209 438 1285 ipsum
463 1207 544 1266 etin
568 1206 631 1265 aliis
655 1205 731 1265 uillis
757 1206 832 1281 regis
854 1208 949 1266 facere
970 1210 1093 1282 solebat,

102 1315 208 1383 utpote
232 1304 274 1362 nil
301 1302 436 1380 propriae
462 1301 656 1379 possessionis
683 1312 806 1377 excepta
832 1303 957 1361 ecclesia
984 1323 1037 1362 sua
1064 1315 1095 1364 et

104 1400 307 1459 adiacentibus
325 1398 425 1475 agellis
445 1399 566 1457 habens.
608 1397 795 1456 tetenderunt
810 1416 878 1471 ergo
893 1396 919 1457 ei
933 1399 1095 1475 aegrotanti

60 1525 92 1563 10
104 1497 264 1556 tentorium
285 1498 324 1556 ad
346 1494 559 1555 occidentalem
582 1495 724 1554 ecclesiae
747 1506 860 1571 partem
884 1494 926 1554 ita
946 1508 978 1556 ut
998 1497 1095 1574 ipsum

104 1592 264 1653 tentorium
288 1591 391 1669 parieti
418 1593 550 1651 haereret
570 1591 719 1652 ecclesiae.
768 1593 848 1651 unde
867 1593 977 1651 sactum
999 1607 1043 1653 est
1063 1609 1096 1655 ut

105 1689 230 1749 adclinis
249 1689 390 1762 destinae,
407 1707 483 1764 quae
503 1688 681 1747 extrinsecus
701 1689 842 1748 ecclesiae
859 1709 913 1765 pro
933 1691 1094 1751 munimine

104 1797 166 1846 erat
184 1784 329 1861 adposita,
345 1784 478 1862 spiritum
499 1785 578 1844 uitae
599 1786 747 1844 exhalaret
767 1786 910 1845 ultimum.
954 1787 1027 1847 obiit
1046 1808 1096 1847 au·

104 1895 165 1944 tem
177 1884 303 1960 septimo
315 1882 431 1943 decimo
445 1882 632 1959 episcopatus
646 1882 690 1941 sui
704 1900 783 1940 anno
797 1882 889 1958 pridie
903 1884 1094 1944 kalendarum

61 2000 91 2058 15
105 1979 331 2057 Septembrium
364 1978 447 2039 euius
457 1998 564 2055 corpus
575 1997 645 2037 mox
659 1978 728 2038 inde
739 1980 910 2038 translatum
920 1980 1095 2040 adtinsulam

106 2074 388 2135 Lindisfamensium
408 2075 498 2151 atque
516 2074 547 2133 in
568 2073 719 2150 cymiterio
738 2076 856 2133 fratrum
876 2078 1022 2152 sepultum
1043 2089 1094 2137 est,

105 2182 135 2231 at
162 2171 317 2232 interiecto
342 2182 473 2248 tempore
501 2170 661 2247 aliquant0,
688 2190 756 2229 cum
783 2171 923 2230 fabricata
950 2183 1027 2232 esset
1055 2172 1096 2232 ibi

105 2268 227 2328 basilica
250 2268 343 2327 maior
368 2278 458 2343 atque
481 2266 512 2324 in
534 2267 678 2326 honorem
705 2267 867 2327 beatissimi
894 2270 1094 2343 apostolorum

105 2364 245 2441 principis
260 2363 404 2435 dedicata,
416 2363 468 2422 illo
482 2381 548 2421 ossa
560 2360 620 2421 eius
637 2364 776 2423 translata
789 2374 878 2439 atque
892 2365 929 2422 ad
944 2365 1093 2425 dexteram

63 2488 94 2524 20
106 2462 202 2521 altaris
224 2461 305 2521 iuxta
327 2459 547 2520 uenerationem
570 2469 654 2519 tanto
674 2460 814 2537 pontifice
835 2459 954 2537 dignam
975 2463 1095 2523 condita

108 2570 183 2618 sunt.

165 2653 312 2716 Successit
335 2675 407 2715 uero
427 2654 455 2714 ei
473 2653 504 2714 in
522 2654 726 2731 episcopatum
745 2654 839 2713 Finan
851 2665 888 2726 ,et
906 2653 969 2731 ipse
987 2655 1038 2717 illo
1057 2660 1099 2738 ab*

109 2752 160 2811 Hii
174 2755 340 2813 Scottorum
360 2752 455 2811 insula
473 2771 508 2811 ac
526 2749 703 2812 monasterio
724 2749 895 2823 destinatus,
910 2770 945 2809 ac
963 2743 1095 2828 tempore‘

108 2868 168 2909 non
190 2869 288 2926 pauco
309 2850 338 2908 in
361 2849 529 2925 episcopatu
555 2847 723 2925 permansit.
766 2846 889 2923 contigit
908 2859 1007 2906 autem
1028 2862 1095 2925 post

65 2965 77 3000 2
80 2965 94 3019 5
108 2945 218 3021 aliquot
237 2965 331 3004 annos
344 2955 378 3004 ut
393 2945 495 3003 Penda
513 2942 693 3003 Merciorum
706 2962 757 3001 rex
770 2962 838 3000 cum
851 2941 950 3000 hostili
967 2943 1095 3002 exercitu

108 3038 180 3099 haec
194 3038 225 3097 in
238 3040 305 3099 loca
318 3038 492 3115 perueniens
506 3057 574 3097 cum
588 3047 695 3096 cuncta
708 3055 785 3113 quae
797 3046 913 3112 poterat
926 3037 1001 3095 ferro
1015 3037 1095 3094 flam-

108 3157 213 3215 maque
237 3138 381 3214 perderet,
404 3137 486 3195 uicus
510 3155 629 3212 quoque
655 3133 686 3192 in
712 3154 772 3211 quo
797 3134 926 3193 antistes
939 3133 1012 3193 obiit
1035 3153 1095 3193 una

108 3250 174 3290 cum
192 3231 318 3291 ecclesia
336 3242 497 3291 memorata
518 3229 643 3288 flammis
666 3230 872 3288 absumeretur.
915 3227 968 3286 sed
989 3227 1094 3288 mirum

107 3326 136 3387 in
155 3328 278 3388 modum
297 3329 360 3388 sola
378 3327 427 3386 illa
446 3326 561 3388 destina
577 3326 624 3385 cui
640 3326 815 3385 incumbens
829 3323 903 3384 obiit
921 3327 959 3385 ab
977 3314 1094 3403 ignibus

169 3432 249 3515 'erui
259 3481 301 3515 orn
313 3480 358 3513 ms.
473 3463 494 3496 ²³
509 3464 640 3514 destinatus
650 3479 696 3512 ms.
800 3462 822 3494 ¹⁷
837 3477 929 3525 quoque
938 3463 978 3510 ille
989 3462 1028 3511 C¹.

185 3578 211 3619 B.
996 3574 1016 3624 4
