2592 3834
160 222 224 305 (22)
234 253 256 275 =
267 222 318 306 ιο]
334 240 426 290 ΜΕΝ
439 240 536 290 oran
543 240 617 290 rar
627 239 859 290 ravanam
879 239 955 290 rna
971 239 1075 290 Mass,
1095 245 1129 303 13
1132 241 1148 303 5

159 369 295 445 cuidam3
333 371 386 431 sed
412 390 469 431 nec
495 371 534 431 ab
560 370 612 431 illo
639 391 708 431 cum
735 371 804 431 illuc
831 372 986 432 duceretur
1007 374 1152 435 ullatenus

158 467 255 545 potuit
278 466 395 547 alligari.
437 488 541 528 uerum
563 488 631 529 cum
651 468 708 528 alia
728 480 816 545 atque
838 468 896 528 alia
917 468 1103 529 uinculorum
1125 469 1153 529 ei

159 583 267 640 genera
286 565 385 624 hostes
404 563 580 640 inponerent
603 585 729 642 cumque
748 565 871 625 uidisset
889 563 940 640 qui
961 576 1071 625 emerat
1091 563 1153 624 uin·

159 658 232 719 culis
246 678 315 720 eum
328 679 390 719 non
408 660 539 737 potuisse
559 660 698 734 cohiberi,
715 660 837 721 donauit
854 659 883 721 ei
900 662 1069 721 facultatem
1088 680 1152 721 sese

128 758 323 836 5redimendi
341 758 366 818 si
383 770 490 836 posset
532 778 551 817 a
574 758 659 819 tertia
681 770 781 818 autem
802 759 883 830 hora,
904 759 1025 835 quando
1046 757 1152 818 missae

159 855 220 914 fieri
238 841 381 929 solebant,
401 855 570 932 saepissime
587 854 707 915 uincula
728 855 924 915 soluebantur.
966 867 997 918 at
1015 854 1064 914 ille
1081 856 1151 915 dato

159 949 345 1012 iureiurando
372 963 404 1012 ut
426 950 534 1011 rediret
555 952 603 1010 uel
624 950 782 1027 pecuniam
806 949 849 1008 illi
875 969 929 1026 pro
959 969 990 1010 se
1014 950 1148 1024 mitteret,

88 1108 90 1111 .
158 1047 240 1106 uenit
268 1046 405 1108 Cantiam
431 1048 471 1107 ad
497 1067 596 1125 regem
621 1045 759 1106 Hlotheri
783 1045 834 1122 qui
858 1057 918 1105 erat
942 1045 1018 1106 filius
1046 1046 1150 1106 sororis

158 1143 358 1221 Aedilthrydae
374 1143 491 1220 reginae
510 1145 549 1204 de
569 1163 629 1220 qua
647 1162 735 1220 supra
755 1143 869 1203 dictum
888 1153 940 1215 est,
956 1141 1025 1218 quia
1044 1142 1151 1220 etipse

110 1261 145 1299 ro
158 1237 310 1316 quondam
336 1241 469 1302 eiusdem
491 1241 608 1318 reginae
635 1240 768 1301 minister
797 1242 908 1301 luerat:
944 1238 1087 1318 petiitque
1120 1250 1151 1300 et

158 1335 272 1412 accepit
285 1337 323 1396 ab
337 1355 374 1396 eo
392 1335 517 1413 pretium
533 1355 604 1396 suae
622 1335 811 1396 redemtionis
828 1355 863 1394 ac
879 1355 934 1395 suo
955 1335 1077 1396 domino
1096 1354 1151 1413 pro

158 1451 198 1505 se,
213 1443 246 1491 ut
259 1431 440 1507 promiserat,
455 1432 541 1491 misit
916 1505 921 1509 ·

219 1527 280 1601 Qui
294 1539 362 1605 post
379 1529 453 1588 haec
474 1528 597 1605 patriam
615 1548 749 1588 reuersus
767 1538 856 1604 atque
872 1528 911 1587 ad
930 1546 1015 1586 suurn
1033 1527 1151 1587 fratrem

157 1624 338 1700 perueniens,
362 1625 512 1702 replicarit
534 1645 571 1685 ex
592 1626 696 1686 ordine
718 1640 825 1684 cuncta
847 1643 923 1702 quae
945 1621 1000 1685 sibi
1026 1625 1151 1684 aduersa

109 1716 326 1799 ¹5u11³e11ein
353 1721 483 1782 aduersis
507 1721 616 1782 solacia
641 1720 855 1798 prouenissent,
883 1719 1083 1796 cognouitque
1109 1739 1151 1780 re

156 1818 267 1878 serente
280 1817 332 1877 illo
345 1818 402 1878 illis
416 1818 543 1878 maxime
556 1819 739 1908 temporibus
753 1839 806 1879 sua
819 1817 906 1878 fuisse
917 1816 1035 1876 uincula
1045 1816 1149 1889 soluta,

156 1916 263 1992 quibus
276 1936 330 1993 pro
344 1936 375 1976 se
389 1915 542 1976 missarum
557 1918 669 1976 fuerant
685 1917 830 1977 celebrata
844 1913 1005 1976 sollemnia.
1048 1916 1101 1975 sed
1119 1926 1149 1976 et

156 2013 220 2086 alia,
239 2032 315 2089 quae
331 2012 506 2089 periclitanti
523 2012 550 2073 ei
570 2014 731 2073 commoda
749 2009 937 2088 contigissent
954 2021 983 2071 et
1000 2029 1148 2088 prospera,

155 2127 208 2184 per
221 2107 462 2169 intercessionem
478 2111 634 2170 fraternam
648 2120 677 2169 et
692 2109 872 2169 oblationem
888 2107 1001 2168 hostiae
1016 2105 1149 2168 salutaris

106 2224 143 2261 ao
156 2204 279 2264 caelitus
297 2203 352 2265 sibi
368 2203 457 2266 fuisse
475 2208 586 2266 donata
602 2206 752 2266 intellexit.
794 2205 938 2282 multique
951 2206 1025 2265 haec
1038 2225 1057 2264 a
1068 2225 1150 2282 prae·

155 2300 216 2360 fato
229 2301 292 2361 uiro
306 2302 460 2362 audientes
473 2303 589 2362 accensi
607 2314 674 2363 sunt
690 2303 722 2362 in
738 2305 797 2363 fide
811 2322 846 2362 ac
859 2302 1019 2362 deuotione
1032 2300 1149 2378 pietatis

155 2398 193 2457 ad
213 2401 356 2459 orandum
374 2402 424 2460 uel
442 2401 481 2460 ad
500 2399 676 2476 elimosynas
694 2399 842 2461 faciendas
859 2401 907 2459 uel
926 2399 965 2458 ad
983 2389 1148 2458 offerendas

155 2495 213 2556 deo
239 2493 375 2555 uictimas
398 2515 497 2555 sacrae
524 2496 681 2556 oblationis
702 2517 756 2574 pro
778 2495 928 2573 ereptione
950 2515 1069 2555 suorum
1097 2495 1148 2573 qui

154 2593 192 2652 de
207 2593 325 2652 saeculo
338 2589 550 2668 migrauerantt
570 2593 775 2653 intellexerunt
792 2592 870 2652 eninr
889 2591 958 2668 quia
975 2591 1147 2651 sacrificium

105 2710 139 2768 ²5
155 2690 279 2749 salutare
305 2689 344 2748 ad
375 2689 588 2750 redemtionem
621 2691 733 2750 ualeret
759 2701 789 2751 et
816 2687 933 2750 animae
960 2700 991 2750 et
1017 2678 1147 2766 corporis

153 2785 369 2862 sempiternam.

214 2883 306 2939 Hanc
324 2879 395 2939 mihi
411 2879 563 2948 historiam
579 2878 669 2941 etiam
688 2877 809 2957 quidam
827 2899 937 2954 eorum,
955 2877 1007 2957 qui
1025 2880 1063 2940 ab
1081 2877 1146 2957 ipso

152 2975 217 3036 uiro
240 2974 272 3034 in
295 2994 356 3051 quo
379 2977 457 3036 facta
477 2988 521 3036 est
543 2976 670 3049 audiere,
695 2987 864 3036 narrarunt:
892 2978 973 3037 unde
992 2994 1057 3036 earn
1076 2975 1147 3052 quia

151 3072 266 3150 liquido
280 3072 419 3150 comperi,
432 3071 631 3134 indubitanter
647 3069 786 3134 historiae
799 3083 916 3134 nostrae
931 3070 1145 3133 ecclesiasticae

102 3197 140 3255 30
152 3169 337 3231 inserendam
351 3167 470 3230 credidi.

319 3308 582 3375 ¹uttarinusprman.
841 3307 852 3343 ⁸
867 3319 915 3375 sep·
927 3325 971 3362 ms.
1015 3311 1019 3318 '
