2592 3834
109 240 140 324 a]
303 260 519 311 sornatius
537 262 779 313 Mrnrcurous
800 261 906 312 cuna.
1062 261 1096 300 21

106 389 186 450 iusta
203 409 258 466 pro
275 393 367 451 salute
385 392 481 469 gentis
498 403 616 453 nostrae
629 394 710 453 bella
727 392 929 469 suscepimus'
968 390 1101 448 lecerunt

106 504 214 545 omnes
233 498 264 545 ut
280 486 412 561 iusserat,
434 500 463 548 et
481 489 523 547 sic
542 490 702 565 incipiente
716 490 846 550 diluculo
859 487 891 547 in
904 489 1021 547 hostem
1034 504 1101 562 pro·

104 581 206 656 gressi,
218 581 299 642 iuxta
309 584 446 642 meritum
460 604 530 644 suae
544 585 613 644 fidei
628 585 752 646 uictoria
764 583 849 662 potiti
864 594 939 643 sunt
972 582 1002 641 in
1016 581 1100 641 cuius

105 681 175 738 loco
193 679 336 739 orationis
352 680 523 741 innumerae
536 681 659 741 uirtutes
677 682 836 741 sanitatum
854 690 1015 740 noscuntur
1033 696 1100 737 esse

75 786 239 871 5patratae
259 778 299 836 ad
317 776 458 837 indicium
477 778 616 837 uidelicet
642 798 678 837 ac
699 776 872 837 memoriam
894 772 987 856 [fidei]
1014 774 1097 850 regis.

105 890 176 930 nam
191 883 221 931 et
236 891 329 949 usque
344 874 433 932 hodie
447 873 531 932 multi
550 874 587 933 de
604 873 670 949 ipso
688 874 770 949 ligno
788 882 992 931 sacrosanctae
1005 868 1100 929 crucis

104 970 216 1028 astulas
236 969 372 1028 excidere
392 971 497 1043 solent,
512 988 584 1045 quas
599 990 668 1029 cum
686 970 716 1028 in
735 988 828 1045 aquas
846 968 978 1028 miserint
997 967 1100 1043 eisque

104 1067 280 1142 languentes
294 1065 428 1125 homines
441 1077 492 1125 aut
510 1069 638 1143 pecudes
656 1066 824 1143 potauerint
838 1064 899 1123 siue
913 1062 1096 1139 asperserint,

104 1179 176 1219 mox
190 1160 309 1219 sanitati
322 1160 519 1219 restituuntur.

58 1288 92 1326 10
164 1258 300 1315 Vocatur
321 1258 404 1317 locus
425 1259 474 1318 ille
497 1258 598 1335 lingua
620 1260 785 1335 Anglorum
808 1255 991 1327 Hesenfelth,
1015 1256 1098 1330 quod

105 1351 164 1411 dici
191 1364 291 1428 potest
318 1354 423 1413 latine
450 1354 583 1415 caelestis
608 1375 738 1432 campus,
766 1355 847 1431 quod
881 1364 961 1412 certo
995 1353 1097 1427 utique

103 1448 258 1525 praesagio
276 1450 437 1509 futurorum
456 1450 618 1526 antiquitus
636 1470 748 1510 nomen
765 1448 897 1525 accepit:
931 1447 1097 1524 significans

103 1542 242 1603 nimirum
263 1548 345 1621 quod
367 1546 478 1605 ibidem
506 1547 634 1607 caeleste
661 1546 833 1622 erigendum
856 1555 1009 1620 tropaeum
1033 1560 1098 1601 eae-

102 1638 184 1698 lestis
204 1638 374 1699 inchoanda
393 1640 517 1700 uictoria
536 1640 676 1701 caelestia
695 1660 789 1717 usque
815 1639 906 1699 hodie
929 1641 1026 1699 forent
1045 1640 1097 1697 mi-

57 1735 202 1821 15racu1a
229 1737 412 1797 celebranda
456 1750 500 1797 est
527 1749 626 1798 autem
654 1740 737 1797 locus
764 1738 845 1796 iuxta
870 1755 986 1794 murum
1013 1735 1094 1793 illum

103 1830 141 1889 ad
161 1830 333 1906 aquilonem
355 1850 416 1908 quo
437 1833 567 1892 Romani
588 1833 740 1909 quondam
759 1832 799 1891 ob
817 1831 960 1890 arcendos
981 1832 1098 1889 barbar-

103 1945 188 1985 orum
201 1926 330 2003 impetus
344 1938 436 1986 totam
449 1948 468 1987 a
481 1930 554 1987 mari
568 1930 607 1988 ad
625 1949 706 1988 mare
722 1928 908 2005 praecinxere
923 1925 1094 1986 Brittaniam

102 2032 135 2079 ut
155 2041 246 2098 supra
266 2023 430 2083 docuimus.
472 2025 583 2101 inquo
603 2026 743 2086 uidelicet
764 2028 832 2085 loco
851 2024 1093 2084 consuetudinem

43 2194 53 2214 ι
70 2196 76 2209 ι
101 2121 198 2213 multo
211 2120 270 2179 iam
286 2131 417 2197 tempore
434 2123 564 2182 fecerant
577 2125 678 2182 fratres
692 2121 940 2199 Hagustaldensis
953 2121 1095 2180 ecclesiae

54 2236 89 2275 20
99 2234 178 2291 quae
197 2236 259 2276 non
278 2220 365 2294 longe
383 2221 475 2292 abest,
492 2219 687 2279 aduenientes
700 2220 781 2278 omni
798 2238 878 2277 anno
895 2217 990 2293 pridie
1006 2236 1094 2292 quam

100 2324 207 2387 postea
233 2311 314 2371 idem
341 2333 391 2372 rex
415 2315 528 2375 Osuald
556 2314 672 2374 occisus
700 2325 753 2384 est,
778 2312 892 2389 uigilias
919 2330 973 2387 pro
1000 2313 1094 2370 salute

99 2405 216 2467 animae
236 2406 298 2467 eius
317 2409 414 2468 facere
433 2408 617 2485 plurimaque
637 2410 818 2486 psalmorum
839 2407 926 2465 laude
947 2407 1093 2466 celebrata

99 2504 253 2564 uictimam
267 2524 320 2581 pro
337 2524 375 2565 eo
391 2525 477 2566 mane
496 2525 595 2566 sacrae
614 2504 772 2565 oblationis
787 2506 897 2564 offerre.
940 2502 990 2578 qui
1004 2503 1092 2561 etiam

99 2612 253 2661 crescente
272 2602 354 2661 bona
377 2603 591 2662 consuetudine
613 2622 709 2679 nuper
735 2601 846 2660 ibidem
874 2600 998 2659 ecclesia
1024 2619 1093 2658 con·

52 2720 84 2778 ²5
99 2706 212 2755 structa
230 2696 417 2756 sacratiorem
435 2708 465 2757 et
485 2698 597 2757 cunctis
615 2696 864 2757 honorabiliorem
881 2697 981 2755 locum
1000 2696 1093 2755 omni-

98 2790 156 2850 bus
183 2791 286 2850 fecere.
338 2810 396 2851 nec
421 2790 566 2864 inmerito,
595 2793 665 2869 quia
695 2793 808 2851 nullum
835 2801 869 2849 ut
895 2789 1091 2866 comperimus

97 2886 168 2947 fidei
182 2887 357 2948 christianae
375 2888 492 2965 signum
509 2891 591 2949 nulla
607 2890 731 2949 ecclesia
749 2891 862 2948 nullum
878 2889 969 2947 altare
982 2887 1014 2946 in
1027 2899 1090 2948 tota
1134 2953 1142 2972 ,

98 2984 300 3045 Berniciorum
313 2996 400 3061 gente
414 2997 544 3046 erectum
558 2998 610 3060 est,
627 2986 798 3063 priusquam
810 2986 869 3044 hoc
882 3002 981 3043 sacrae
996 2984 1090 3044 crucis

98 3080 240 3139 uexillum
265 3099 363 3139 nouus
389 3081 510 3141 militiae
538 3084 643 3142 ductor
669 3082 799 3142 dictante
832 3080 901 3142 fidei
928 3081 1088 3142 deuotione

52 3196 86 3251 30
98 3186 201 3235 contra
213 3176 330 3235 hostem
343 3176 576 3237 inmanissimum
588 3188 768 3254 pugnaturus
782 3170 929 3237 statueret

158 3273 226 3331 Nec
245 3273 285 3332 ab
304 3291 336 3332 re
357 3284 402 3333 est
421 3292 514 3333 unum
532 3293 549 3334 e
566 3274 700 3351 pluribus
720 3294 798 3351 quae
816 3274 856 3332 ad
874 3275 952 3332 hanc
969 3294 1087 3335 crucem

193 3410 204 3444 ⁸
214 3414 277 3477 fidei
285 3414 349 3464 from
365 3414 404 3467 C¹.
655 3416 772 3481 ⁷aquam
783 3417 863 3481 prima
873 3432 955 3465 manu.

193 3495 215 3529 ²⁵
230 3498 383 3547 sacratiorem
395 3496 435 3548 C¹.
466 3499 621 3548 sacrationem
633 3516 679 3548 ms.
787 3496 808 3527 ³¹
824 3498 989 3547 Numabms.
