2592 3834
193 823 430 908 [uxrurcrvrtr
453 821 654 904 carravia]
698 833 837 884 utemur
859 833 938 884 resa
961 831 1078 884 Linea.

574 1156 578 1169 .
627 1085 642 1142 I

138 1221 292 1344 ANNO
306 1231 469 1281 memorato
487 1223 634 1297 praefatae
651 1219 775 1296 eclypsis
795 1231 824 1280 et
842 1240 911 1280 mox
925 1220 1128 1296 subsequentis

221 1312 413 1388 pestilentiae,
429 1332 488 1389 quo
502 1325 532 1373 et
547 1315 673 1374 Colman
687 1313 842 1389 episcopus
858 1313 997 1372 unanima
1011 1313 1130 1372 catholi-

138 1426 240 1467 corum
256 1408 419 1484 intentione
436 1414 587 1485 superatus
605 1410 643 1468 ad
663 1429 731 1468 suos
750 1429 881 1470 reuersus
895 1421 947 1483 est,
964 1410 1130 1470 Deusdedit

137 1503 194 1564 ui¹¹⁸
207 1504 349 1563 ecclesiae
364 1505 598 1564 Domuemensis
612 1505 768 1582 episcopus
790 1505 864 1566 obiit
883 1505 904 1564 ii
925 1505 1028 1566 iduum
1042 1505 1130 1565 Iulia-

107 1615 201 1676 srum
210 1621 220 1676 3
254 1601 307 1658 sed
328 1611 357 1659 et
378 1602 558 1660 Erconberct
578 1620 629 1660 rex
651 1601 874 1662 Cantuariorum
901 1602 1007 1660 eodem
1028 1618 1130 1660 mense

137 1715 174 1755 ac
207 1696 256 1755 die
290 1698 444 1758 defunctus
479 1698 643 1774 Ecgbercto
674 1697 735 1756 filio
770 1698 871 1755 sedem
897 1695 978 1772 regni
1004 1695 1128 1774 reliquit,

137 1812 227 1870 quam
245 1793 295 1852 ille
313 1804 480 1869 susceptam
499 1813 552 1870 per
569 1792 630 1852 uiiii
650 1812 743 1852 annos
764 1792 864 1853 tenuit.
907 1803 978 1854 tunc
997 1803 1129 1852 cessante

136 1908 199 1948 non
218 1907 315 1965 pauco
335 1899 467 1965 tempore
487 1889 657 1966 episcopatu
676 1888 781 1950 missus
800 1900 843 1948 est
860 1891 988 1948 Romam
1007 1889 1046 1946 ab
1064 1887 1129 1964 ipso

138 1986 224 2045 simul
242 1996 272 2046 et
294 2005 313 2045 a
335 1997 403 2062 tege
425 1987 736 2061 Nordanhymbrorum
752 1985 857 2058 Osui0,
880 1996 913 2045 ut
934 1985 1129 2061 praecedente

89 2104 126 2143 ro
138 2082 212 2142 libro
232 2082 333 2158 paucis
351 2082 484 2155 diximus,
499 2082 630 2158 Vighard
649 2085 801 2158 presbyter
818 2081 863 2141 uir
882 2083 912 2142 in
927 2082 1129 2144 ecclesiasticis

137 2177 298 2254 disciplinis
312 2177 497 2237 doctissimus
511 2178 549 2238 de
562 2197 668 2254 genere
682 2179 851 2254 Anglorum,
866 2177 1034 2254 petentibus
1050 2179 1129 2237 hunc

138 2273 279 2335 ecclesiae
296 2277 459 2352 Anglorum
477 2273 731 2350 archiepiscopum
746 2275 890 2335 ordinari:
910 2275 1005 2335 missis
1023 2275 1129 2352 pariter

137 2370 300 2446 apostolico
313 2390 408 2447 papae
423 2372 552 2433 donariis
566 2384 595 2433 et
608 2372 702 2432 aureis
718 2384 806 2448 atque
821 2372 964 2448 argenteis
977 2371 1054 2432 uasis
1068 2391 1129 2431 non

137 2464 246 2542 paucis,
288 2465 340 2541 qui
362 2466 414 2526 ubi
439 2469 567 2526 Romam
590 2466 732 2544 peruenit,
758 2467 839 2526 cuius
864 2466 928 2526 sedi
951 2466 1129 2543 apostolicae

89 2585 125 2645 15
139 2570 270 2637 tempore
278 2561 329 2621 illo
337 2562 500 2624 Vitalianus
513 2575 653 2639 praeerat,
665 2551 821 2639 postquam
832 2562 942 2624 itineris
956 2563 1000 2622 sui
1011 2583 1127 2626 causam

138 2659 269 2734 praefato
287 2677 382 2734 papae
400 2659 563 2735 apostolico
578 2659 725 2736 patefecit,
746 2679 807 2718 non
825 2661 918 2718 multo
936 2669 1002 2733 post
1021 2658 1129 2736 etipse

139 2765 169 2814 et
196 2773 299 2814 omnes
324 2773 403 2830 pene
430 2755 481 2831 qui
507 2775 576 2815 cum
602 2775 640 2816 eo
666 2756 846 2816 aduenerant
868 2755 939 2816 socii
963 2755 1130 2833 pestilentia

139 2847 364 2924 superueniente
378 2849 467 2910 deleti
481 2862 558 2910 sunt

197 2944 240 3004 At
265 2945 443 3022 apostolicus
470 2966 549 3023 papa
574 2945 676 3008 habito
704 2949 743 3008 de
769 2947 815 3006 his
838 2947 961 3010 consilio
985 2946 1130 3024 quaesiuit

87 3063 127 3103 20
138 3042 256 3100 sedulus
276 3059 365 3117 quem
385 3042 515 3102 ecclesiis
536 3045 699 3120 Anglomm
718 3043 969 3121 archiepiscopum
992 3044 1127 3108 mitteret.

137 3148 199 3198 erat
219 3147 317 3203 autem
341 3137 372 3198 in
395 3137 573 3198 monasterio
599 3139 754 3211 Hiridano,
778 3142 859 3216 quod
886 3153 930 3203 est
957 3162 1018 3204 non
1041 3143 1129 3220 longe

137 3255 156 3295 a
177 3235 304 3312 Neapoli
326 3237 516 3312 Campaniae,
539 3238 632 3298 abbas
657 3238 826 3299 Hadrianus
851 3240 895 3299 uir
921 3241 1039 3303 natione
1059 3243 1130 3308 Ater

137 3331 225 3394 sacris
247 3330 349 3396 litteris
376 3331 529 3410 diligenter
554 3331 674 3394 inbutus
701 3335 953 3402 monasterialibus
987 3337 1073 3404 simul
1100 3349 1129 3404 et

413 3467 436 3500 ¹¹
452 3469 609 3532 Afirmanus
619 3486 658 3536 pr.
670 3486 725 3523 corr
735 3473 855 3536 sec-Afer.
