2592 3834
114 285 118 293 .
175 228 331 311 μυξη]
375 248 440 297 ms
464 247 591 297 Vrsronr
606 247 688 296 Arri>
709 246 771 295 rrs
788 245 1039 296 squammarum
1108 245 1161 302 147

173 396 242 436 eum
256 376 305 437 die
319 378 447 452 quadam
461 377 499 436 de
513 375 691 436 monasterio
709 375 760 435 illo
775 374 891 451 longius
905 393 1061 452 egressum,
1075 375 1165 436 corni-

171 483 253 532 tante
275 491 375 531 secum
396 491 458 531 uno
479 472 518 530 de
538 470 680 542 fratribus
702 480 822 546 peracto
843 470 946 530 itinere
969 471 1070 532 redire.
1113 471 1164 549 qui

171 586 241 644 cum
259 565 437 626 monasterio
458 566 687 642 propinquarent
706 577 737 625 et-
755 565 888 626 aedificia
905 566 983 626 illius
1004 567 1165 628 sublimiter

172 673 269 722 erecta
281 663 453 739 aspicerent,
468 664 580 721 solutus
594 673 638 721 est
651 661 681 720 in
697 661 830 721 lacrimas
846 662 891 722 uir
909 662 958 723 dei
974 673 1003 722 et
1019 661 1163 723 tristitiam

142 759 268 839 5cordis
288 760 371 818 uultu
392 757 492 818 indice
511 758 663 834 prodebat.
706 757 787 833 quod
807 757 924 817 intuens
945 777 1052 829 comes,
1075 778 1164 835 quare

171 857 279 914 faceret
294 854 452 931 inquisiuit
494 864 526 913 at
543 853 593 914 ille
607 854 745 912 ‘cuncta’
760 853 854 930 inquit
870 855 959 915 ‘haec
976 875 1051 932 quae
1069 855 1163 916 cernis

170 952 304 1012 aedificia
330 952 448 1029 puplica
470 953 519 1011 uel
541 951 656 1028 priuata
679 949 710 1008 iu
733 951 867 1028 proximo
890 962 934 1016 est
958 963 991 1011 ut
1014 951 1089 1028 ignis
1115 953 1163 1012 ab·

171 1067 290 1107 sumens
320 1047 351 1106 in
381 1047 510 1106 cinerem
534 1048 705 1106 conuertat.'
754 1047 836 1122 quod
862 1046 912 1106 ille
938 1047 1069 1121 audiens,
1094 1068 1163 1108 mox

46 1222 51 1229 ,
170 1155 203 1204 ut
222 1145 404 1203 intrauerunt
424 1143 640 1217 monasterium,
657 1143 742 1202 matri
762 1144 995 1220 congregationis
1015 1147 1162 1206 uocabulo

122 1262 158 1299 10
170 1242 284 1302 Aebbae
310 1241 421 1301 curauit
448 1240 586 1300 indicare.
635 1250 667 1298 at
692 1239 742 1299 illa
769 1240 873 1300 merito
906 1241 1021 1300 turbata
1047 1243 1085 1302 de
1111 1243 1162 1301 tali

170 1339 321 1416 praesagio
336 1339 456 1400 uocauit
473 1339 512 1398 ad
531 1357 563 1397 se
580 1336 685 1410 uirum,
700 1349 730 1396 et
743 1337 911 1412 diligentius
924 1338 962 1396 ab
976 1357 1013 1397 eo
1026 1358 1096 1410 rem,
1115 1342 1162 1400 uel

169 1435 250 1494 unde
262 1436 320 1494 hoc
333 1433 396 1511 ipse
410 1444 518 1505 nosset,
531 1432 704 1509 inquirebat.
743 1432 794 1508 qui
808 1431 861 1493 ait:
880 1435 989 1509 ‘nuper
1001 1443 1161 1509 occupatus

170 1541 260 1590 noctu
278 1529 384 1607 uigiliis
404 1540 435 1589 et
451 1529 572 1605 psalmis
589 1528 653 1588 uidi
671 1529 837 1587 adstantem
859 1528 932 1587 mihi
953 1528 1051 1588 subito
1072 1548 1162 1604 quen·

169 1627 240 1685 dam
249 1625 391 1702 incogniti
400 1625 516 1685 uultus:
537 1624 620 1683 cuius
633 1624 799 1700 praesentia
811 1644 881 1683 cum
894 1643 989 1684 essem
1003 1623 1159 1696 exterrituS,

122 1737 155 1796 15
170 1720 243 1782 dixit
256 1721 328 1780 mihi
341 1741 380 1780 ne
393 1721 535 1792 timerem,
554 1732 585 1780 et
603 1719 687 1796 quasi
704 1720 838 1780 familiari
856 1740 905 1782 me
920 1741 995 1781 uoce
1009 1723 1161 1797 alloquens

171 1817 263 1876 ‘bene
279 1816 366 1874 sacis'
380 1815 476 1891 inquit
495 1814 562 1891 ‘qui
581 1826 714 1891 tempore
731 1815 787 1874 isto
806 1827 967 1876 nocturnae
981 1817 1086 1892 quietis
1099 1837 1160 1876 non

139 1903 142 1908 ’
168 1933 274 1973 somno
295 1914 456 1989 indulgere,
479 1913 533 1972 sed
550 1911 657 1988 uigiliis
675 1921 705 1972 et
723 1911 903 1972 orationibus
921 1912 1053 1973 insistere
1071 1915 1160 1973 malu-

168 2009 232 2068 isti’
273 2011 314 2068 At
337 2029 393 2084 ego
417 2007 520 2067 ‘noui’
544 2007 666 2083 inquam
688 2009 830 2067 ‘multum
858 2007 930 2067 mihi
954 2027 1016 2068 esse
1040 2028 1160 2068 necesse

168 2104 274 2182 uigiliis
297 2104 470 2164 salutaribus
497 2104 629 2164 insistere
656 2115 686 2163 et
709 2124 763 2180 pro
789 2104 863 2164 meis
890 2105 1029 2165 erratibus
1056 2106 1159 2167 sedulo

119 2221 155 2258 20
168 2201 322 2262 dominum
347 2200 514 2277 deprecari)
555 2201 607 2277 qui
628 2201 759 2262 adiciens
785 2205 920 2262 ‘uerum'
943 2202 1037 2279 inquit
1059 2203 1157 2275 ‘dicis

167 2296 237 2371 quia
255 2307 284 2355 et
304 2296 358 2355 tibi
376 2311 406 2356 et
424 2296 523 2356 multis
544 2316 619 2372 opus
638 2307 682 2356 est
701 2308 825 2372 peccata
842 2318 895 2358 sua
915 2299 1000 2359 bonis
1022 2298 1159 2375 operibus

166 2391 309 2451 redimere
331 2402 371 2464 et,
390 2411 460 2451 cum
481 2403 597 2452 cessant
616 2412 635 2452 a
655 2392 804 2452 laboribus
825 2414 921 2454 rerum
944 2394 1156 2470 temporalium,

166 2500 238 2548 tunc
260 2509 314 2566 pro
335 2489 468 2565 appetitu
488 2498 674 2548 aeternorum
696 2489 842 2548 bonorum
867 2489 985 2550 liben'us
1008 2492 1158 2564 laborare3

167 2586 220 2644 sed
240 2585 298 2645 hoc
316 2596 415 2645 tamen
435 2583 604 2660 paucissimi
621 2583 739 2643 faciunt.
782 2584 928 2660 siquidem
949 2587 1041 2646 modo
1062 2596 1157 2646 totum

118 2699 133 2736 a
137 2695 152 2754 5
166 2681 224 2739 hoc
237 2679 446 2740 monasterium
463 2700 499 2740 ex
517 2678 620 2739 ordine
632 2681 815 2756 'perlustrans
833 2679 1013 2757 singulorum
1027 2701 1109 2741 casas
1122 2701 1157 2740 ac

165 2774 258 2833 lectos
271 2773 385 2850 inspexi
399 2786 428 2834 et
442 2773 591 2833 neminem
605 2793 643 2834 ex
656 2774 792 2834 omnibus
806 2786 919 2852 praeter
932 2787 963 2836 te
974 2796 1041 2852 erga
1054 2777 1159 2837 sanita-

166 2878 227 2931 tem
243 2870 359 2929 animae
381 2888 452 2929 suae
472 2880 650 2946 occupatum
668 2870 790 2948 repperi,
808 2872 861 2931 sed
879 2890 983 2931 omnes
997 2891 1114 2948 prorsus
1127 2885 1157 2933 et

165 2965 220 3025 uiri
244 2977 273 3026 et
295 2966 422 3027 semime
443 2976 493 3025 aut
515 2987 620 3027 somno
644 2979 762 3045 torpent
784 2967 869 3029 inerti
892 2978 943 3028 aut
969 2970 1008 3028 ad
1035 2980 1157 3044 peccata

164 3062 294 3139 uigilant
337 3082 407 3122 nam
420 3073 451 3122 et
464 3064 670 3138 domunculae,
689 3085 764 3141 quae
777 3066 816 3125 ad
831 3066 975 3124 orandum
992 3065 1042 3124 uel
1059 3065 1156 3139 legen·

114 3173 152 3229 30
165 3158 237 3218 dum
249 3159 344 3218 factae
359 3170 449 3233 erant,
463 3159 587 3218 nuncin
601 3159 834 3220 comesationum
848 3159 1035 3236 potationum
1047 3159 1156 3218 fabula·
1246 3157 1250 3164 ’

163 3254 279 3314 tionum
299 3265 329 3314 et
350 3265 511 3314 ceterarum
533 3265 601 3315 sunt
622 3255 833 3317 inlecebrarum
856 3254 964 3315 cubilia
985 3273 1153 3325 conuersae,

163 3350 289 3428 uirgines
307 3370 426 3427 quoque
444 3352 502 3412 deo
523 3351 638 3413 dicatae
655 3361 804 3412 contemta
819 3348 982 3412 reuerentia
1001 3367 1071 3410 suae
1090 3368 1157 3426 pro

227 3463 239 3494 ⁴
254 3464 363 3513 lacrr'mis
378 3479 408 3529 pr
418 3479 485 3514 man.
614 3463 635 3498 ²⁸
652 3464 733 3529 inquit
748 3479 794 3515 ms.
926 3461 948 3497 ⁸⁰
956 3462 1029 3527 facta
1044 3476 1091 3510 ms.

978 3589 1072 3630 10-2
