2592 3834
191 205 234 272 74
375 168 376 175 ἵ
401 206 526 256 srnron
550 206 598 255 or
613 203 957 253 srnamvAEsrrArcn.
1111 182 1175 266 [111

186 336 268 385 entes
287 328 494 399 contradicitis,
514 348 611 404 neque
628 328 687 405 legi
704 348 802 405 neque
820 326 972 404 euangelio
993 326 1024 387 in
1043 327 1176 387 obserua-

186 420 266 481 tione
288 423 376 482 uestri
403 426 529 500 paschae
552 445 720 501 congruere.
771 426 919 485 Iohannes
942 424 1021 485 enim
1044 426 1085 485 ad
1106 423 1175 502 legis

187 517 337 579 Mosaicae
356 522 473 579 decreta
492 532 608 597 tempus
627 523 765 597 paschale
783 522 952 581 custodiens
969 521 1010 580 nil
1030 522 1068 581 de
1084 520 1176 599 prima

186 612 300 675 sabbati
322 617 460 691 curabat;
488 619 571 694 quod
591 637 646 677 uos
668 638 730 677 non
749 617 852 690 facitis,
875 617 926 694 qui
946 616 1064 677 nonnisi
1083 617 1176 695 prima

184 710 300 771 sabbati
326 714 436 788 pascha
463 713 622 775 celebratis.
666 716 769 773 Petrus
797 733 816 773 a
846 724 900 771 xu²
921 714 991 772 luna
1016 732 1112 790 usque
1138 715 1176 773 ad
1208 732 1223 791 5

115 828 123 849 ·’
185 805 269 864 xxi²¹¹²
287 806 366 865 diem
386 810 512 883 paschae
534 807 717 868 dominicum
736 808 918 881 celebrabat3
938 808 1020 884 quod
1040 826 1095 867 uos
1116 827 1176 867 non

185 902 287 975 facitis,
309 902 360 979 qui
378 923 396 978 a
413 904 487 962 xiiii²
507 924 601 981 usque
621 906 661 965 ad
680 916 753 963 xx²¹¹²
772 905 873 964 lunam
893 904 973 965 diem
993 904 1177 965 dominicum

185 999 311 1073 paschae
336 998 515 1059 obseruatis:
544 1000 585 1059 ita
605 1010 637 1059 ut
657 998 723 1059 aiiiia
738 1000 809 1058 luna
828 1001 868 1059 ad
886 1018 1039 1075 uesperam
1060 1000 1177 1077 saepius

185 1094 295 1167 pascha
317 1092 470 1170 incipiatis,
487 1092 576 1153 'cuius
598 1112 696 1170 neque
718 1095 766 1154 lex
789 1095 879 1153 ullam
902 1094 971 1154 fecit
994 1093 1176 1179 mentionem

186 1206 283 1269 neque
309 1200 411 1249 auctor
437 1210 473 1248 ac
500 1192 584 1249 dator
610 1188 754 1266 euangelii
783 1188 921 1269 dominus
947 1190 978 1249 in
1006 1210 1042 1251 ea
1068 1192 1123 1251 sed
1145 1192 1176 1251 in
1191 1213 1226 1253 ro

185 1282 260 1341 xiiiia
280 1286 328 1343 uel
354 1296 439 1344 uetus
459 1286 569 1361 pascha
587 1284 778 1344 manducauit
798 1286 838 1345 ad
858 1303 1011 1361 uesperam
1034 1288 1083 1346 uel
1104 1286 1176 1346 noui

185 1380 351 1439 testamenti
370 1392 550 1440 sacramenta
568 1380 599 1439 in
617 1380 928 1441 commemorationem
945 1402 1016 1442 suae
1033 1381 1176 1459 passionis

185 1476 326 1537 ecclesiae
347 1478 522 1537 celebranda
541 1476 668 1538 tradidit
710 1476 781 1537 item
799 1479 899 1537 lunam
918 1478 1002 1538 xxi²¹²¹
1019 1500 1109 1557 quam
1129 1482 1176 1541 lex

185 1573 311 1636 maxime
337 1576 542 1636 celebrandam
569 1577 797 1651 commendauit,
820 1597 839 1638 a
865 1578 1060 1638 celebratione
1086 1578 1175 1638 uestri

167 1735 169 1743 ,
185 1673 311 1748 paschae
324 1672 455 1732 funditus
470 1673 642 1734 eliminatis:
664 1673 772 1751 sicque,
790 1686 823 1734 ut
841 1674 909 1749 dixi,
929 1675 961 1734 in
981 1674 1175 1735 celebratione
1192 1690 1223 1749 15

185 1786 317 1827 summae
340 1766 502 1828 sestiuitatis
523 1788 619 1845 neque
638 1768 765 1829 Iohanni
783 1789 880 1846 neque
898 1773 986 1831 Petro
1004 1789 1102 1847 neque
1119 1770 1175 1849 legi
1271 1803 1273 1830 ÷

186 1880 282 1939 neque
296 1863 449 1940 euangelio
462 1865 664 1925 concordatis)

246 1958 304 2018 His
318 1970 420 2019 contra
434 1961 595 2020 Colmanus
610 1959 786 2038 ‘numquid'
800 1960 841 2022 ait
857 1961 1023 2021 ‘Anatolius
1035 1961 1081 2021 uir
1094 1981 1175 2022 sanc-
1271 1980 1273 2012 t

185 2064 232 2114 tus
246 2066 276 2115 et
288 2055 319 2114 in
333 2058 461 2132 praefata
476 2056 596 2117 historia
614 2056 811 2117 ecclesiastica
826 2060 952 2119 multum
970 2060 1106 2121 laudatus
1119 2061 1176 2138 legi
1271 2065 1273 2124 i

185 2152 234 2211 uel
257 2150 410 2227 euangelio
432 2151 576 2212 contraria
597 2152 701 2228 sapuit,
722 2151 774 2229 qui
796 2172 815 2212 a
835 2152 910 2212 xiiii²
929 2173 1024 2229 usque
1044 2156 1084 2215 ad
1104 2166 1177 2215 xx²¹¹¹
1191 2170 1226 2210 20
1271 2151 1273 2178 ³

185 2249 295 2324 pascha
321 2248 528 2308 celebrandum
556 2248 693 2326 scripsit?
732 2250 878 2327 numquid
910 2249 1177 2311 reuerentissimum

184 2354 298 2420 patrem
318 2354 449 2403 nostrum
469 2346 647 2406 Columbam
667 2355 698 2406 et
717 2364 900 2405 successores
923 2345 986 2405 eius
1012 2345 1090 2405 uiros
1117 2348 1177 2408 deo

185 2440 317 2514 dilectos
337 2439 388 2517 qui
406 2441 512 2501 eodem
534 2443 625 2501 modo
644 2443 755 2518 pascha
774 2444 913 2515 fecerunt,
935 2442 1043 2502 diuinis
1062 2442 1178 2520 paginis

185 2537 328 2598 contraria
346 2537 476 2614 sapuisse
493 2540 542 2598 uel
560 2537 654 2615 egisse
672 2539 854 2599 credendum
872 2540 938 2599 est?
977 2539 1178 2616 complurimi
1271 2528 1273 2596 J

185 2633 291 2693 fuerint
308 2632 339 2692 in
356 2633 405 2707 eis,
421 2652 546 2711 quorum
566 2632 712 2693 sanctitati
731 2634 868 2693 caelestia
887 2634 970 2710 signa
988 2645 1017 2694 et
1034 2633 1177 2694 uirtutum
1192 2646 1224 2705 25
1271 2647 1273 2694 ζ

184 2748 261 2805 quae
279 2730 410 2789 fecerunt
427 2728 566 2789 miracula
583 2727 784 2788 testimouium
798 2730 1002 2804 praebuerunt,
1019 2748 1094 2807 quos
1113 2728 1177 2807 ipse
1271 2744 1273 2809 ξ

185 2837 302 2885 sanctos
325 2844 389 2886 esse
412 2844 473 2885 non
496 2824 634 2885 dubitans
661 2844 776 2903 semper
795 2844 897 2885 eorum
917 2824 1009 2884 uitam
1029 2844 1126 2886 mores
1146 2839 1177 2887 et

186 2922 370 2999 disciplinam
386 2921 469 2999 sequi
482 2940 543 2980 non
557 2920 684 2982 desisto?

245 3021 286 3079 At
301 3018 441 3079 Vilfridus
461 3020 606 3078 ‘constat'
624 3018 721 3095 inquit
740 3019 925 3079 ‘Anatolium
943 3019 1040 3081 uirum
1058 3020 1177 3083 sanctis-

186 3114 293 3177 simum
315 3114 518 3176 doctissimum
537 3134 573 3175 ac
592 3116 680 3175 laude
698 3134 762 3176 esse
780 3116 984 3192 dignissimum
994 3138 1003 3191 ;
1030 3118 1085 3179 sed
1102 3118 1176 3197 quid
1190 3139 1226 3195 30

185 3212 271 3274 uobis
292 3232 361 3273 cum
374 3212 433 3286 illo,
456 3233 525 3273 cum
548 3232 604 3275 nec
625 3212 688 3273 eius
709 3213 827 3273 decreta
847 3215 988 3277 seruetis?
1028 3216 1077 3277 ille
1095 3215 1176 3278 enim

186 3307 217 3367 in
234 3310 344 3385 pascha
362 3328 415 3370 suo
431 3311 561 3386 regulam
579 3309 682 3385 utique
701 3308 830 3369 ueritatis
851 3330 976 3387 sequens
996 3310 1138 3372 circulum
1156 3333 1176 3372 x

186 3414 217 3466 et
229 3403 291 3464 uiiii
303 3423 447 3466 annorum
460 3406 567 3485 posuit,
584 3424 674 3483 quem
692 3423 747 3465 uos
762 3415 814 3465 aut
829 3405 967 3484 ignoratis
980 3419 1031 3469 aut
1043 3407 1176 3487 agnitum
1271 3403 1273 3449 ἕ
