<?xml version="1.0" encoding="UTF-8"?>
<!DOCTYPE html PUBLIC "-//W3C//DTD XHTML 1.0 Transitional//EN"
    "http://www.w3.org/TR/xhtml1/DTD/xhtml1-transitional.dtd">
<html xmlns="http://www.w3.org/1999/xhtml" xml:lang="en" lang="en">
 <head>
  <title>
</title>
<meta http-equiv="Content-Type" content="text/html;charset=utf-8" />
  <meta name='ocr-system' content='tesseract 3.04.00' />
  <meta name='ocr-capabilities' content='ocr_page ocr_carea ocr_par ocr_line ocrx_word'/>
</head>
<body>
  <div class='ocr_page' id='page_1' title='image "./historiaeeccles00lumbgoog_0164.png"; bbox 0 0 2592 3834; ppageno 0'>
   <div class='ocr_carea' id='block_1_1' title="bbox 138 213 1130 303">
    <p class='ocr_par' dir='ltr' id='par_1_1' title="bbox 138 213 1130 303">
     <span class='ocr_line' id='line_1_1' title="bbox 138 213 1130 303; baseline -0.01 -15"><span class='ocrx_word' id='word_1_1' title='bbox 138 213 194 303; x_wconf 87' lang='lat'>1&#39;40</span> <span class='ocrx_word' id='word_1_2' title='bbox 388 239 525 290; x_wconf 69' lang='lat' dir='ltr'><strong>naara</strong></span> <span class='ocrx_word' id='word_1_3' title='bbox 546 239 594 287; x_wconf 71' lang='lat' dir='ltr'><strong>or</strong></span> <span class='ocrx_word' id='word_1_4' title='bbox 609 237 753 288; x_wconf 71' lang='lat' dir='ltr'><strong>anaass</strong></span> <span class='ocrx_word' id='word_1_5' title='bbox 771 236 874 286; x_wconf 76' lang='lat' dir='ltr'><strong>Hrrn.</strong></span> <span class='ocrx_word' id='word_1_6' title='bbox 1071 216 1130 301; x_wconf 86' lang='lat' dir='ltr'><strong>[IV</strong></span> 
     </span>
    </p>
   </div>
   <div class='ocr_carea' id='block_1_2' title="bbox 133 364 1180 3441">
    <p class='ocr_par' dir='ltr' id='par_1_2' title="bbox 134 364 1130 734">
     <span class='ocr_line' id='line_1_2' title="bbox 134 364 1130 445; baseline -0.008 -11"><span class='ocrx_word' id='word_1_7' title='bbox 134 370 248 435; x_wconf 84' lang='lat' dir='ltr'><strong>ancillis</strong></span> <span class='ocrx_word' id='word_1_8' title='bbox 263 367 372 432; x_wconf 88' lang='lat' dir='ltr'>Christi</span> <span class='ocrx_word' id='word_1_9' title='bbox 384 389 461 445; x_wconf 91' lang='lat' dir='ltr'><strong>quae</strong></span> <span class='ocrx_word' id='word_1_10' title='bbox 475 379 556 428; x_wconf 90' lang='lat' dir='ltr'><strong>erant</strong></span> <span class='ocrx_word' id='word_1_11' title='bbox 569 367 601 428; x_wconf 90' lang='lat' dir='ltr'><strong>in</strong></span> <span class='ocrx_word' id='word_1_12' title='bbox 615 369 722 427; x_wconf 90' lang='lat' dir='ltr'><strong>eodem</strong></span> <span class='ocrx_word' id='word_1_13' title='bbox 732 364 917 437; x_wconf 89' lang='lat' dir='ltr'><strong>monasterio,</strong></span> <span class='ocrx_word' id='word_1_14' title='bbox 933 364 972 424; x_wconf 91' lang='lat' dir='ltr'><strong>de</strong></span> <span class='ocrx_word' id='word_1_15' title='bbox 986 365 1130 426; x_wconf 90' lang='lat' dir='ltr'><strong>seruanda</strong></span> 
     </span>
     <span class='ocr_line' id='line_1_3' title="bbox 134 460 1130 538; baseline -0.007 -11"><span class='ocrx_word' id='word_1_16' title='bbox 134 487 185 528; x_wconf 90' lang='lat' dir='ltr'><strong>eas</strong></span> <span class='ocrx_word' id='word_1_17' title='bbox 206 466 334 526; x_wconf 89' lang='lat' dir='ltr'><strong>inuicem</strong></span> <span class='ocrx_word' id='word_1_18' title='bbox 356 465 448 525; x_wconf 88' lang='lat' dir='ltr'><strong>immo</strong></span> <span class='ocrx_word' id='word_1_19' title='bbox 476 484 545 523; x_wconf 91' lang='lat' dir='ltr'><strong>cum</strong></span> <span class='ocrx_word' id='word_1_20' title='bbox 566 463 704 524; x_wconf 89' lang='lat' dir='ltr'><strong>omnibus</strong></span> <span class='ocrx_word' id='word_1_21' title='bbox 732 479 805 538; x_wconf 87' lang='lat' dir='ltr'><strong>pace</strong></span> <span class='ocrx_word' id='word_1_22' title='bbox 827 460 999 536; x_wconf 85' lang='lat' dir='ltr'><strong>euangelica</strong></span> <span class='ocrx_word' id='word_1_23' title='bbox 1019 481 1130 520; x_wconf 92' lang='lat' dir='ltr'><strong>ammo-</strong></span> 
     </span>
     <span class='ocr_line' id='line_1_4' title="bbox 135 555 1127 635; baseline -0.005 -14"><span class='ocrx_word' id='word_1_24' title='bbox 135 574 225 635; x_wconf 82' lang='lat' dir='ltr'>neret,</span> <span class='ocrx_word' id='word_1_25' title='bbox 245 562 321 622; x_wconf 90' lang='lat' dir='ltr'><strong>inter</strong></span> <span class='ocrx_word' id='word_1_26' title='bbox 339 562 430 621; x_wconf 90' lang='lat' dir='ltr'><strong>uerba</strong></span> <span class='ocrx_word' id='word_1_27' title='bbox 447 559 654 620; x_wconf 79' lang='lat' dir='ltr'><strong>exhortationis</strong></span> <span class='ocrx_word' id='word_1_28' title='bbox 676 560 751 618; x_wconf 90' lang='lat' dir='ltr'><strong>laeta</strong></span> <span class='ocrx_word' id='word_1_29' title='bbox 775 567 900 616; x_wconf 88' lang='lat' dir='ltr'><strong>mortem</strong></span> <span class='ocrx_word' id='word_1_30' title='bbox 922 555 1127 631; x_wconf 90' lang='lat' dir='ltr'><strong>uidit‚.imm0,</strong></span> 
     </span>
     <span class='ocr_line' id='line_1_5' title="bbox 134 653 1004 734; baseline -0.01 -13"><span class='ocrx_word' id='word_1_31' title='bbox 134 671 168 721; x_wconf 89' lang='lat' dir='ltr'><strong>ut</strong></span> <span class='ocrx_word' id='word_1_32' title='bbox 180 660 277 721; x_wconf 89' lang='lat' dir='ltr'><strong>uerbis</strong></span> <span class='ocrx_word' id='word_1_33' title='bbox 291 658 405 719; x_wconf 91' lang='lat' dir='ltr'><strong>domini</strong></span> <span class='ocrx_word' id='word_1_34' title='bbox 418 660 530 734; x_wconf 89' lang='lat' dir='ltr'><strong>loquar,</strong></span> <span class='ocrx_word' id='word_1_35' title='bbox 545 659 584 717; x_wconf 90' lang='lat' dir='ltr'><strong>de</strong></span> <span class='ocrx_word' id='word_1_36' title='bbox 597 668 692 716; x_wconf 86' lang='lat' dir='ltr'><strong>morte</strong></span> <span class='ocrx_word' id='word_1_37' title='bbox 705 654 837 715; x_wconf 87' lang='lat' dir='ltr'><strong>transiuit</strong></span> <span class='ocrx_word' id='word_1_38' title='bbox 851 657 890 714; x_wconf 90' lang='lat' dir='ltr'><strong>ad</strong></span> <span class='ocrx_word' id='word_1_39' title='bbox 904 653 1004 714; x_wconf 87' lang='lat' dir='ltr'><strong>uitam.</strong></span> 
     </span>
    </p>

    <p class='ocr_par' dir='ltr' id='par_1_3' title="bbox 133 749 1180 3441">
     <span class='ocr_line' id='line_1_6' title="bbox 195 749 1178 830; baseline -0.001 -18"><span class='ocrx_word' id='word_1_40' title='bbox 195 755 264 828; x_wconf 89' lang='lat' dir='ltr'><strong>Qua</strong></span> <span class='ocrx_word' id='word_1_41' title='bbox 277 754 417 814; x_wconf 90' lang='lat' dir='ltr'><strong>uidelicet</strong></span> <span class='ocrx_word' id='word_1_42' title='bbox 431 765 518 813; x_wconf 90' lang='lat' dir='ltr'><strong>nocte</strong></span> <span class='ocrx_word' id='word_1_43' title='bbox 533 752 671 812; x_wconf 88' lang='lat' dir='ltr'><strong>dominus</strong></span> <span class='ocrx_word' id='word_1_44' title='bbox 691 750 881 826; x_wconf 87' lang='lat' dir='ltr'><strong>omnipotens</strong></span> <span class='ocrx_word' id='word_1_45' title='bbox 902 751 1016 810; x_wconf 90' lang='lat' dir='ltr'><strong>obitum</strong></span> <span class='ocrx_word' id='word_1_46' title='bbox 1037 749 1128 827; x_wconf 91' lang='lat' dir='ltr'><strong>ipsius</strong></span> <span class='ocrx_word' id='word_1_47' title='bbox 1162 771 1178 830; x_wconf 87' lang='lat'><strong>5</strong></span> 
     </span>
     <span class='ocr_line' id='line_1_7' title="bbox 134 848 1129 927; baseline -0.006 -16"><span class='ocrx_word' id='word_1_48' title='bbox 134 851 165 911; x_wconf 91' lang='lat' dir='ltr'><strong>in</strong></span> <span class='ocrx_word' id='word_1_49' title='bbox 179 851 237 910; x_wconf 90' lang='lat' dir='ltr'><strong>alio</strong></span> <span class='ocrx_word' id='word_1_50' title='bbox 248 850 363 927; x_wconf 87' lang='lat' dir='ltr'><strong>longius</strong></span> <span class='ocrx_word' id='word_1_51' title='bbox 373 849 471 927; x_wconf 93' lang='lat' dir='ltr'><strong>posito</strong></span> <span class='ocrx_word' id='word_1_52' title='bbox 485 848 671 922; x_wconf 90' lang='lat' dir='ltr'><strong>monasterio,</strong></span> <span class='ocrx_word' id='word_1_53' title='bbox 684 849 766 924; x_wconf 91' lang='lat' dir='ltr'><strong>quod</strong></span> <span class='ocrx_word' id='word_1_54' title='bbox 779 848 843 924; x_wconf 92' lang='lat' dir='ltr'><strong>ipsa</strong></span> <span class='ocrx_word' id='word_1_55' title='bbox 851 849 957 908; x_wconf 92' lang='lat' dir='ltr'><strong>eodem</strong></span> <span class='ocrx_word' id='word_1_56' title='bbox 971 866 1050 906; x_wconf 89' lang='lat' dir='ltr'><strong>anno</strong></span> <span class='ocrx_word' id='word_1_57' title='bbox 1061 867 1129 906; x_wconf 89' lang='lat' dir='ltr'><strong>con-</strong></span> 
     </span>
     <span class='ocr_line' id='line_1_8' title="bbox 134 944 1128 1026; baseline -0.004 -18"><span class='ocrx_word' id='word_1_58' title='bbox 134 960 274 1010; x_wconf 85' lang='lat' dir='ltr'><strong>struxerat</strong></span> <span class='ocrx_word' id='word_1_59' title='bbox 294 961 324 1009; x_wconf 94' lang='lat' dir='ltr'><strong>et</strong></span> <span class='ocrx_word' id='word_1_60' title='bbox 343 950 506 1026; x_wconf 88' lang='lat' dir='ltr'><strong>appellatur</strong></span> <span class='ocrx_word' id='word_1_61' title='bbox 524 949 675 1019; x_wconf 88' lang='lat' dir='ltr'><strong>Hacanos,</strong></span> <span class='ocrx_word' id='word_1_62' title='bbox 690 945 845 1005; x_wconf 85' lang='lat' dir='ltr'><strong>manifesta</strong></span> <span class='ocrx_word' id='word_1_63' title='bbox 864 944 980 1005; x_wconf 92' lang='lat' dir='ltr'><strong>uisione</strong></span> <span class='ocrx_word' id='word_1_64' title='bbox 999 946 1128 1004; x_wconf 90' lang='lat' dir='ltr'><strong>reuelare</strong></span> 
     </span>
     <span class='ocr_line' id='line_1_9' title="bbox 134 1041 1128 1124; baseline -0.006 -18"><span class='ocrx_word' id='word_1_65' title='bbox 134 1046 271 1124; x_wconf 89' lang='lat' dir='ltr'><strong>dignatus</strong></span> <span class='ocrx_word' id='word_1_66' title='bbox 285 1056 336 1105; x_wconf 91' lang='lat' dir='ltr'><strong>est.</strong></span> <span class='ocrx_word' id='word_1_67' title='bbox 360 1056 420 1104; x_wconf 91' lang='lat' dir='ltr'><strong>erat</strong></span> <span class='ocrx_word' id='word_1_68' title='bbox 433 1044 464 1103; x_wconf 93' lang='lat' dir='ltr'><strong>in</strong></span> <span class='ocrx_word' id='word_1_69' title='bbox 477 1043 543 1120; x_wconf 88' lang='lat' dir='ltr'><strong>ipso</strong></span> <span class='ocrx_word' id='word_1_70' title='bbox 553 1041 730 1102; x_wconf 88' lang='lat' dir='ltr'><strong>monasterio</strong></span> <span class='ocrx_word' id='word_1_71' title='bbox 744 1043 889 1118; x_wconf 83' lang='lat' dir='ltr'><strong>quaedam</strong></span> <span class='ocrx_word' id='word_1_72' title='bbox 900 1041 1128 1102; x_wconf 83' lang='lat' dir='ltr'><strong>sanctimonialis</strong></span> 
     </span>
     <span class='ocr_line' id='line_1_10' title="bbox 134 1140 1128 1219; baseline -0.003 -16"><span class='ocrx_word' id='word_1_73' title='bbox 134 1143 244 1203; x_wconf 84' lang='lat' dir='ltr'><strong>femina</strong></span> <span class='ocrx_word' id='word_1_74' title='bbox 261 1141 381 1203; x_wconf 91' lang='lat' dir='ltr'><strong>nomine</strong></span> <span class='ocrx_word' id='word_1_75' title='bbox 398 1145 488 1218; x_wconf 86' lang='lat' dir='ltr'><strong>Begn,</strong></span> <span class='ocrx_word' id='word_1_76' title='bbox 514 1161 591 1219; x_wconf 88' lang='lat' dir='ltr'><strong>quae</strong></span> <span class='ocrx_word' id='word_1_77' title='bbox 611 1161 669 1199; x_wconf 88' lang='lat' dir='ltr'><strong>xxx</strong></span> <span class='ocrx_word' id='word_1_78' title='bbox 692 1151 722 1201; x_wconf 92' lang='lat' dir='ltr'><strong>et</strong></span> <span class='ocrx_word' id='word_1_79' title='bbox 738 1140 864 1217; x_wconf 90' lang='lat' dir='ltr'><strong>amplius</strong></span> <span class='ocrx_word' id='word_1_80' title='bbox 880 1161 974 1200; x_wconf 90' lang='lat' dir='ltr'><strong>annos</strong></span> <span class='ocrx_word' id='word_1_81' title='bbox 993 1140 1128 1200; x_wconf 90' lang='lat' dir='ltr'><strong>dedicata</strong></span> 
     </span>
     <span class='ocr_line' id='line_1_11' title="bbox 134 1238 1179 1316; baseline -0.001 -16"><span class='ocrx_word' id='word_1_82' title='bbox 134 1240 257 1300; x_wconf 90' lang='lat' dir='ltr'><strong>domino</strong></span> <span class='ocrx_word' id='word_1_83' title='bbox 279 1239 444 1316; x_wconf 84' lang='lat' dir='ltr'><strong>uirginitate</strong></span> <span class='ocrx_word' id='word_1_84' title='bbox 468 1239 498 1298; x_wconf 92' lang='lat' dir='ltr'><strong>in</strong></span> <span class='ocrx_word' id='word_1_85' title='bbox 522 1238 696 1298; x_wconf 89' lang='lat' dir='ltr'><strong>monachica</strong></span> <span class='ocrx_word' id='word_1_86' title='bbox 722 1239 946 1298; x_wconf 86' lang='lat' dir='ltr'><strong>conuersatione</strong></span> <span class='ocrx_word' id='word_1_87' title='bbox 973 1239 1126 1299; x_wconf 88' lang='lat' dir='ltr'><strong>seruiebat.</strong></span> <span class='ocrx_word' id='word_1_88' title='bbox 1144 1262 1179 1299; x_wconf 92' lang='lat'><strong>10</strong></span> 
     </span>
     <span class='ocr_line' id='line_1_12' title="bbox 134 1334 1128 1411; baseline -0.002 -17"><span class='ocrx_word' id='word_1_89' title='bbox 134 1337 208 1396; x_wconf 90' lang='lat' dir='ltr'><strong>haec</strong></span> <span class='ocrx_word' id='word_1_90' title='bbox 228 1346 300 1396; x_wconf 90' lang='lat' dir='ltr'><strong>tunc</strong></span> <span class='ocrx_word' id='word_1_91' title='bbox 317 1335 349 1395; x_wconf 91' lang='lat' dir='ltr'><strong>in</strong></span> <span class='ocrx_word' id='word_1_92' title='bbox 367 1335 538 1395; x_wconf 89' lang='lat' dir='ltr'><strong>dormitorio</strong></span> <span class='ocrx_word' id='word_1_93' title='bbox 557 1354 689 1396; x_wconf 92' lang='lat' dir='ltr'><strong>sororum</strong></span> <span class='ocrx_word' id='word_1_94' title='bbox 708 1354 836 1411; x_wconf 89' lang='lat' dir='ltr'><strong>pausans</strong></span> <span class='ocrx_word' id='word_1_95' title='bbox 853 1335 966 1395; x_wconf 90' lang='lat' dir='ltr'><strong>audiuit</strong></span> <span class='ocrx_word' id='word_1_96' title='bbox 982 1335 1078 1395; x_wconf 92' lang='lat' dir='ltr'><strong>subito</strong></span> <span class='ocrx_word' id='word_1_97' title='bbox 1096 1334 1128 1394; x_wconf 90' lang='lat' dir='ltr'><strong>in</strong></span> 
     </span>
     <span class='ocr_line' id='line_1_13' title="bbox 134 1429 1128 1507; baseline -0.003 -16"><span class='ocrx_word' id='word_1_98' title='bbox 134 1450 201 1491; x_wconf 89' lang='lat' dir='ltr'><strong>aere</strong></span> <span class='ocrx_word' id='word_1_99' title='bbox 225 1442 329 1491; x_wconf 90' lang='lat' dir='ltr'><strong>notum</strong></span> <span class='ocrx_word' id='word_1_100' title='bbox 359 1450 519 1507; x_wconf 85' lang='lat' dir='ltr'><strong>campanae</strong></span> <span class='ocrx_word' id='word_1_101' title='bbox 542 1450 659 1503; x_wconf 89' lang='lat' dir='ltr'><strong>sonum,</strong></span> <span class='ocrx_word' id='word_1_102' title='bbox 684 1450 745 1507; x_wconf 93' lang='lat' dir='ltr'><strong>quo</strong></span> <span class='ocrx_word' id='word_1_103' title='bbox 772 1431 812 1490; x_wconf 93' lang='lat' dir='ltr'><strong>ad</strong></span> <span class='ocrx_word' id='word_1_104' title='bbox 838 1430 984 1490; x_wconf 88' lang='lat' dir='ltr'><strong>orationes</strong></span> <span class='ocrx_word' id='word_1_105' title='bbox 1011 1429 1128 1489; x_wconf 86' lang='lat' dir='ltr'><strong>excitari</strong></span> 
     </span>
     <span class='ocr_line' id='line_1_14' title="bbox 133 1527 1137 1604; baseline 0.002 -17"><span class='ocrx_word' id='word_1_106' title='bbox 133 1529 183 1588; x_wconf 92' lang='lat' dir='ltr'><strong>uel</strong></span> <span class='ocrx_word' id='word_1_107' title='bbox 203 1527 361 1588; x_wconf 89' lang='lat' dir='ltr'><strong>conuocari</strong></span> <span class='ocrx_word' id='word_1_108' title='bbox 380 1529 515 1588; x_wconf 89' lang='lat' dir='ltr'><strong>solebant</strong></span> <span class='ocrx_word' id='word_1_109' title='bbox 534 1548 603 1587; x_wconf 91' lang='lat' dir='ltr'><strong>cum</strong></span> <span class='ocrx_word' id='word_1_110' title='bbox 623 1527 689 1604; x_wconf 91' lang='lat' dir='ltr'><strong>quis</strong></span> <span class='ocrx_word' id='word_1_111' title='bbox 710 1547 813 1588; x_wconf 91' lang='lat' dir='ltr'><strong>eorum</strong></span> <span class='ocrx_word' id='word_1_112' title='bbox 833 1529 871 1588; x_wconf 91' lang='lat' dir='ltr'><strong>de</strong></span> <span class='ocrx_word' id='word_1_113' title='bbox 892 1529 1009 1588; x_wconf 88' lang='lat' dir='ltr'><strong>saeculo</strong></span> <span class='ocrx_word' id='word_1_114' title='bbox 1027 1527 1137 1589; x_wconf 71' lang='lat' dir='ltr'><strong>suisset</strong></span> 
     </span>
     <span class='ocr_line' id='line_1_15' title="bbox 134 1623 1128 1701; baseline 0 -17"><span class='ocrx_word' id='word_1_115' title='bbox 134 1637 283 1697; x_wconf 87' lang='lat' dir='ltr'><strong>euocatus,</strong></span> <span class='ocrx_word' id='word_1_116' title='bbox 297 1623 471 1701; x_wconf 89' lang='lat' dir='ltr'><strong>apertisque,</strong></span> <span class='ocrx_word' id='word_1_117' title='bbox 485 1635 519 1683; x_wconf 92' lang='lat' dir='ltr'><strong>ut</strong></span> <span class='ocrx_word' id='word_1_118' title='bbox 532 1623 588 1684; x_wconf 92' lang='lat' dir='ltr'><strong>sibi</strong></span> <span class='ocrx_word' id='word_1_119' title='bbox 601 1623 764 1697; x_wconf 90' lang='lat' dir='ltr'><strong>uidebatur,</strong></span> <span class='ocrx_word' id='word_1_120' title='bbox 779 1624 872 1684; x_wconf 86' lang='lat' dir='ltr'><strong>oculis</strong></span> <span class='ocrx_word' id='word_1_121' title='bbox 885 1624 997 1701; x_wconf 84' lang='lat' dir='ltr'><strong>aspexit</strong></span> <span class='ocrx_word' id='word_1_122' title='bbox 1010 1626 1128 1684; x_wconf 90' lang='lat' dir='ltr'><strong>detecto</strong></span> 
     </span>
     <span class='ocr_line' id='line_1_16' title="bbox 134 1719 1177 1800; baseline 0.001 -20"><span class='ocrx_word' id='word_1_123' title='bbox 134 1721 242 1781; x_wconf 91' lang='lat' dir='ltr'><strong>domus</strong></span> <span class='ocrx_word' id='word_1_124' title='bbox 255 1719 385 1780; x_wconf 89' lang='lat' dir='ltr'><strong>culmine</strong></span> <span class='ocrx_word' id='word_1_125' title='bbox 395 1722 490 1779; x_wconf 86' lang='lat' dir='ltr'><strong>fusam</strong></span> <span class='ocrx_word' id='word_1_126' title='bbox 509 1721 636 1796; x_wconf 88' lang='lat' dir='ltr'><strong>desuper</strong></span> <span class='ocrx_word' id='word_1_127' title='bbox 653 1721 751 1780; x_wconf 88' lang='lat' dir='ltr'><strong>lucem</strong></span> <span class='ocrx_word' id='word_1_128' title='bbox 770 1720 870 1780; x_wconf 92' lang='lat' dir='ltr'><strong>omnia</strong></span> <span class='ocrx_word' id='word_1_129' title='bbox 889 1720 1065 1797; x_wconf 85' lang='lat' dir='ltr'><strong>replenisse:</strong></span> <span class='ocrx_word' id='word_1_130' title='bbox 1080 1719 1128 1778; x_wconf 87' lang='lat' dir='ltr'><strong>cui</strong></span> <span class='ocrx_word' id='word_1_131' title='bbox 1144 1741 1177 1800; x_wconf 83' lang='lat'><strong>15</strong></span> 
     </span>
     <span class='ocr_line' id='line_1_17' title="bbox 134 1816 1129 1893; baseline -0.003 -15"><span class='ocrx_word' id='word_1_132' title='bbox 134 1816 272 1878; x_wconf 90' lang='lat' dir='ltr'><strong>uidelicet</strong></span> <span class='ocrx_word' id='word_1_133' title='bbox 294 1817 353 1876; x_wconf 90' lang='lat' dir='ltr'><strong>luci</strong></span> <span class='ocrx_word' id='word_1_134' title='bbox 376 1819 448 1876; x_wconf 90' lang='lat' dir='ltr'><strong>dum</strong></span> <span class='ocrx_word' id='word_1_135' title='bbox 467 1817 592 1878; x_wconf 88' lang='lat' dir='ltr'><strong>sollicita</strong></span> <span class='ocrx_word' id='word_1_136' title='bbox 611 1816 787 1890; x_wconf 88' lang='lat' dir='ltr'><strong>intenderet,</strong></span> <span class='ocrx_word' id='word_1_137' title='bbox 809 1817 883 1876; x_wconf 91' lang='lat' dir='ltr'><strong>uidit</strong></span> <span class='ocrx_word' id='word_1_138' title='bbox 903 1817 1032 1876; x_wconf 89' lang='lat' dir='ltr'><strong>animam</strong></span> <span class='ocrx_word' id='word_1_139' title='bbox 1048 1835 1129 1893; x_wconf 92' lang='lat' dir='ltr'><strong>prae-</strong></span> 
     </span>
     <span class='ocr_line' id='line_1_18' title="bbox 133 1912 1128 1990; baseline -0.003 -15"><span class='ocrx_word' id='word_1_140' title='bbox 133 1917 210 1975; x_wconf 85' lang='lat' dir='ltr'><strong>fatae</strong></span> <span class='ocrx_word' id='word_1_141' title='bbox 231 1913 280 1974; x_wconf 90' lang='lat' dir='ltr'><strong>dei</strong></span> <span class='ocrx_word' id='word_1_142' title='bbox 300 1915 425 1973; x_wconf 88' lang='lat' dir='ltr'><strong>famulae</strong></span> <span class='ocrx_word' id='word_1_143' title='bbox 445 1913 477 1973; x_wconf 88' lang='lat' dir='ltr'><strong>in</strong></span> <span class='ocrx_word' id='word_1_144' title='bbox 496 1913 561 1990; x_wconf 93' lang='lat' dir='ltr'><strong>ipsa</strong></span> <span class='ocrx_word' id='word_1_145' title='bbox 580 1915 647 1973; x_wconf 92' lang='lat' dir='ltr'><strong>luce</strong></span> <span class='ocrx_word' id='word_1_146' title='bbox 670 1912 879 1973; x_wconf 86' lang='lat' dir='ltr'><strong>comitantibus</strong></span> <span class='ocrx_word' id='word_1_147' title='bbox 897 1933 932 1972; x_wconf 89' lang='lat' dir='ltr'><strong>ac</strong></span> <span class='ocrx_word' id='word_1_148' title='bbox 951 1913 1128 1974; x_wconf 88' lang='lat' dir='ltr'><strong>ducentibus</strong></span> 
     </span>
     <span class='ocr_line' id='line_1_19' title="bbox 134 2007 1127 2087; baseline -0.003 -17"><span class='ocrx_word' id='word_1_149' title='bbox 134 2009 246 2087; x_wconf 84' lang='lat' dir='ltr'><strong>angelis</strong></span> <span class='ocrx_word' id='word_1_150' title='bbox 266 2010 307 2068; x_wconf 91' lang='lat' dir='ltr'><strong>ad</strong></span> <span class='ocrx_word' id='word_1_151' title='bbox 328 2010 442 2068; x_wconf 87' lang='lat' dir='ltr'><strong>caelum</strong></span> <span class='ocrx_word' id='word_1_152' title='bbox 463 2008 536 2068; x_wconf 84' lang='lat' dir='ltr'><strong>ferri</strong></span> <span class='ocrx_word' id='word_1_153' title='bbox 580 2028 708 2086; x_wconf 88' lang='lat' dir='ltr'><strong>cumque</strong></span> <span class='ocrx_word' id='word_1_154' title='bbox 732 2028 838 2068; x_wconf 91' lang='lat' dir='ltr'><strong>somno</strong></span> <span class='ocrx_word' id='word_1_155' title='bbox 865 2028 988 2068; x_wconf 89' lang='lat' dir='ltr'><strong>excussa</strong></span> <span class='ocrx_word' id='word_1_156' title='bbox 1014 2007 1127 2067; x_wconf 89' lang='lat' dir='ltr'><strong>uideret</strong></span> 
     </span>
     <span class='ocr_line' id='line_1_20' title="bbox 134 2103 1128 2183; baseline -0.002 -17"><span class='ocrx_word' id='word_1_157' title='bbox 134 2118 246 2166; x_wconf 90' lang='lat' dir='ltr'><strong>ceteras</strong></span> <span class='ocrx_word' id='word_1_158' title='bbox 265 2116 421 2183; x_wconf 88' lang='lat' dir='ltr'><strong>pausantes</strong></span> <span class='ocrx_word' id='word_1_159' title='bbox 439 2105 517 2165; x_wconf 88' lang='lat' dir='ltr'><strong>circa</strong></span> <span class='ocrx_word' id='word_1_160' title='bbox 537 2125 568 2165; x_wconf 94' lang='lat' dir='ltr'><strong>se</strong></span> <span class='ocrx_word' id='word_1_161' title='bbox 590 2125 713 2181; x_wconf 87' lang='lat' dir='ltr'><strong>sorores,</strong></span> <span class='ocrx_word' id='word_1_162' title='bbox 730 2105 872 2166; x_wconf 89' lang='lat' dir='ltr'><strong>intellexit</strong></span> <span class='ocrx_word' id='word_1_163' title='bbox 895 2108 944 2165; x_wconf 89' lang='lat' dir='ltr'><strong>uel</strong></span> <span class='ocrx_word' id='word_1_164' title='bbox 962 2105 993 2164; x_wconf 90' lang='lat' dir='ltr'><strong>in</strong></span> <span class='ocrx_word' id='word_1_165' title='bbox 1012 2103 1128 2164; x_wconf 92' lang='lat' dir='ltr'><strong>somnio</strong></span> 
     </span>
     <span class='ocr_line' id='line_1_21' title="bbox 134 2202 1179 2280; baseline -0.001 -17"><span class='ocrx_word' id='word_1_166' title='bbox 134 2205 184 2263; x_wconf 91' lang='lat' dir='ltr'><strong>uel</strong></span> <span class='ocrx_word' id='word_1_167' title='bbox 210 2203 242 2262; x_wconf 93' lang='lat' dir='ltr'><strong>in</strong></span> <span class='ocrx_word' id='word_1_168' title='bbox 269 2202 383 2262; x_wconf 91' lang='lat' dir='ltr'><strong>uisione</strong></span> <span class='ocrx_word' id='word_1_169' title='bbox 409 2202 517 2263; x_wconf 90' lang='lat' dir='ltr'><strong>mentis</strong></span> <span class='ocrx_word' id='word_1_170' title='bbox 544 2214 695 2264; x_wconf 89' lang='lat' dir='ltr'><strong>ostensum</strong></span> <span class='ocrx_word' id='word_1_171' title='bbox 723 2203 779 2264; x_wconf 92' lang='lat' dir='ltr'><strong>sibi</strong></span> <span class='ocrx_word' id='word_1_172' title='bbox 806 2223 870 2263; x_wconf 90' lang='lat' dir='ltr'><strong>esse</strong></span> <span class='ocrx_word' id='word_1_173' title='bbox 897 2204 979 2280; x_wconf 89' lang='lat' dir='ltr'><strong>quod</strong></span> <span class='ocrx_word' id='word_1_174' title='bbox 1005 2203 1126 2263; x_wconf 87' lang='lat' dir='ltr'><strong>uiderat</strong></span> <span class='ocrx_word' id='word_1_175' title='bbox 1143 2233 1179 2272; x_wconf 88' lang='lat'><strong>20</strong></span> 
     </span>
     <span class='ocr_line' id='line_1_22' title="bbox 134 2297 1137 2377; baseline 0 -19"><span class='ocrx_word' id='word_1_176' title='bbox 134 2297 291 2375; x_wconf 89' lang='lat' dir='ltr'><strong>statimque</strong></span> <span class='ocrx_word' id='word_1_177' title='bbox 305 2317 462 2374; x_wconf 85' lang='lat' dir='ltr'><strong>exsurgens</strong></span> <span class='ocrx_word' id='word_1_178' title='bbox 476 2298 568 2359; x_wconf 92' lang='lat' dir='ltr'><strong>nimio</strong></span> <span class='ocrx_word' id='word_1_179' title='bbox 581 2299 686 2360; x_wconf 90' lang='lat' dir='ltr'><strong>timore</strong></span> <span class='ocrx_word' id='word_1_180' title='bbox 707 2299 857 2377; x_wconf 88' lang='lat' dir='ltr'><strong>perterrita</strong></span> <span class='ocrx_word' id='word_1_181' title='bbox 874 2300 1001 2359; x_wconf 87' lang='lat' dir='ltr'><strong>cucurrit</strong></span> <span class='ocrx_word' id='word_1_182' title='bbox 1019 2301 1058 2358; x_wconf 88' lang='lat' dir='ltr'><strong>ad</strong></span> <span class='ocrx_word' id='word_1_183' title='bbox 1074 2299 1137 2359; x_wconf 84' lang='lat' dir='ltr'><strong>uir-·</strong></span> 
     </span>
     <span class='ocr_line' id='line_1_23' title="bbox 134 2392 1129 2472; baseline 0.002 -20"><span class='ocrx_word' id='word_1_184' title='bbox 134 2392 233 2470; x_wconf 86' lang='lat' dir='ltr'><strong>ginem</strong></span> <span class='ocrx_word' id='word_1_185' title='bbox 256 2412 332 2469; x_wconf 89' lang='lat' dir='ltr'><strong>quae</strong></span> <span class='ocrx_word' id='word_1_186' title='bbox 350 2403 422 2452; x_wconf 89' lang='lat' dir='ltr'><strong>tunc</strong></span> <span class='ocrx_word' id='word_1_187' title='bbox 444 2395 622 2454; x_wconf 89' lang='lat' dir='ltr'><strong>monasterio</strong></span> <span class='ocrx_word' id='word_1_188' title='bbox 644 2395 812 2456; x_wconf 85' lang='lat' dir='ltr'><strong>abbatissae</strong></span> <span class='ocrx_word' id='word_1_189' title='bbox 835 2395 902 2455; x_wconf 86' lang='lat' dir='ltr'><strong>uice</strong></span> <span class='ocrx_word' id='word_1_190' title='bbox 923 2396 1055 2472; x_wconf 76' lang='lat' dir='ltr'><strong>praefuit,</strong></span> <span class='ocrx_word' id='word_1_191' title='bbox 1080 2394 1129 2454; x_wconf 90' lang='lat' dir='ltr'><strong>cui</strong></span> 
     </span>
     <span class='ocr_line' id='line_1_24' title="bbox 135 2488 1129 2568; baseline 0.002 -20"><span class='ocrx_word' id='word_1_192' title='bbox 135 2509 245 2550; x_wconf 90' lang='lat' dir='ltr'><strong>nornen</strong></span> <span class='ocrx_word' id='word_1_193' title='bbox 265 2501 327 2550; x_wconf 90' lang='lat' dir='ltr'><strong>erat</strong></span> <span class='ocrx_word' id='word_1_194' title='bbox 347 2488 463 2566; x_wconf 87' lang='lat' dir='ltr'><strong>Frigyd,</strong></span> <span class='ocrx_word' id='word_1_195' title='bbox 476 2491 606 2567; x_wconf 89' lang='lat' dir='ltr'><strong>fletuque</strong></span> <span class='ocrx_word' id='word_1_196' title='bbox 619 2512 656 2551; x_wconf 87' lang='lat' dir='ltr'><strong>ac</strong></span> <span class='ocrx_word' id='word_1_197' title='bbox 673 2493 800 2552; x_wconf 88' lang='lat' dir='ltr'><strong>lacrimis</strong></span> <span class='ocrx_word' id='word_1_198' title='bbox 820 2493 946 2552; x_wconf 91' lang='lat' dir='ltr'><strong>multum</strong></span> <span class='ocrx_word' id='word_1_199' title='bbox 965 2493 1081 2568; x_wconf 83' lang='lat' dir='ltr'><strong>perfusa</strong></span> <span class='ocrx_word' id='word_1_200' title='bbox 1094 2510 1129 2550; x_wconf 90' lang='lat' dir='ltr'><strong>ac</strong></span> 
     </span>
     <span class='ocr_line' id='line_1_25' title="bbox 135 2585 1129 2662; baseline 0.001 -17"><span class='ocrx_word' id='word_1_201' title='bbox 135 2585 258 2662; x_wconf 88' lang='lat' dir='ltr'><strong>suspiria</strong></span> <span class='ocrx_word' id='word_1_202' title='bbox 280 2588 369 2662; x_wconf 86' lang='lat' dir='ltr'><strong>longa</strong></span> <span class='ocrx_word' id='word_1_203' title='bbox 394 2588 512 2648; x_wconf 88' lang='lat' dir='ltr'><strong>trahens</strong></span> <span class='ocrx_word' id='word_1_204' title='bbox 539 2589 688 2649; x_wconf 90' lang='lat' dir='ltr'><strong>nuntiauit</strong></span> <span class='ocrx_word' id='word_1_205' title='bbox 714 2601 838 2650; x_wconf 88' lang='lat' dir='ltr'><strong>matrem</strong></span> <span class='ocrx_word' id='word_1_206' title='bbox 860 2590 974 2649; x_wconf 87' lang='lat' dir='ltr'><strong>illarum</strong></span> <span class='ocrx_word' id='word_1_207' title='bbox 996 2588 1129 2648; x_wconf 87' lang='lat' dir='ltr'><strong>omnium</strong></span> 
     </span>
     <span class='ocr_line' id='line_1_26' title="bbox 136 2680 1177 2768; baseline 0.011 -29"><span class='ocrx_word' id='word_1_208' title='bbox 136 2681 212 2740; x_wconf 92' lang='lat' dir='ltr'><strong>Hild</strong></span> <span class='ocrx_word' id='word_1_209' title='bbox 228 2680 407 2741; x_wconf 90' lang='lat' dir='ltr'><strong>abbatissam</strong></span> <span class='ocrx_word' id='word_1_210' title='bbox 426 2681 486 2741; x_wconf 89' lang='lat' dir='ltr'><strong>iarn</strong></span> <span class='ocrx_word' id='word_1_211' title='bbox 504 2683 643 2760; x_wconf 88' lang='lat' dir='ltr'><strong>migrasse</strong></span> <span class='ocrx_word' id='word_1_212' title='bbox 662 2686 700 2745; x_wconf 92' lang='lat' dir='ltr'><strong>de</strong></span> <span class='ocrx_word' id='word_1_213' title='bbox 716 2688 836 2746; x_wconf 88' lang='lat' dir='ltr'><strong>saeculo</strong></span> <span class='ocrx_word' id='word_1_214' title='bbox 859 2697 889 2746; x_wconf 92' lang='lat' dir='ltr'><strong>et</strong></span> <span class='ocrx_word' id='word_1_215' title='bbox 909 2705 941 2744; x_wconf 90' lang='lat' dir='ltr'><strong>se</strong></span> <span class='ocrx_word' id='word_1_216' title='bbox 959 2695 1128 2761; x_wconf 85' lang='lat' dir='ltr'><strong>aspectante</strong></span> <span class='ocrx_word' id='word_1_217' title='bbox 1143 2709 1177 2768; x_wconf 83' lang='lat'><strong>25</strong></span> 
     </span>
     <span class='ocr_line' id='line_1_27' title="bbox 134 2777 1129 2860; baseline 0.005 -24"><span class='ocrx_word' id='word_1_218' title='bbox 134 2796 204 2837; x_wconf 91' lang='lat' dir='ltr'><strong>eum</strong></span> <span class='ocrx_word' id='word_1_219' title='bbox 221 2779 287 2838; x_wconf 90' lang='lat' dir='ltr'><strong>luce</strong></span> <span class='ocrx_word' id='word_1_220' title='bbox 305 2777 440 2839; x_wconf 90' lang='lat' dir='ltr'><strong>inmensa</strong></span> <span class='ocrx_word' id='word_1_221' title='bbox 454 2782 581 2842; x_wconf 90' lang='lat' dir='ltr'><strong>ducibus</strong></span> <span class='ocrx_word' id='word_1_222' title='bbox 597 2783 709 2860; x_wconf 87' lang='lat' dir='ltr'><strong>angelis</strong></span> <span class='ocrx_word' id='word_1_223' title='bbox 729 2785 768 2844; x_wconf 92' lang='lat' dir='ltr'><strong>ad</strong></span> <span class='ocrx_word' id='word_1_224' title='bbox 785 2795 921 2844; x_wconf 88' lang='lat' dir='ltr'><strong>aeternae</strong></span> <span class='ocrx_word' id='word_1_225' title='bbox 936 2783 1038 2842; x_wconf 91' lang='lat' dir='ltr'><strong>limina</strong></span> <span class='ocrx_word' id='word_1_226' title='bbox 1055 2779 1129 2842; x_wconf 91' lang='lat' dir='ltr'><strong>lucis</strong></span> 
     </span>
     <span class='ocr_line' id='line_1_28' title="bbox 136 2877 1129 2955; baseline 0.001 -19"><span class='ocrx_word' id='word_1_227' title='bbox 136 2888 165 2937; x_wconf 91' lang='lat' dir='ltr'><strong>et</strong></span> <span class='ocrx_word' id='word_1_228' title='bbox 178 2896 370 2955; x_wconf 90' lang='lat' dir='ltr'><strong>supernorum</strong></span> <span class='ocrx_word' id='word_1_229' title='bbox 385 2879 533 2940; x_wconf 90' lang='lat' dir='ltr'><strong>consortia</strong></span> <span class='ocrx_word' id='word_1_230' title='bbox 546 2879 657 2938; x_wconf 89' lang='lat' dir='ltr'><strong>ciuium</strong></span> <span class='ocrx_word' id='word_1_231' title='bbox 673 2879 847 2939; x_wconf 89' lang='lat' dir='ltr'><strong>ascendisse.</strong></span> <span class='ocrx_word' id='word_1_232' title='bbox 891 2878 973 2954; x_wconf 91' lang='lat' dir='ltr'><strong>quod</strong></span> <span class='ocrx_word' id='word_1_233' title='bbox 991 2897 1062 2937; x_wconf 91' lang='lat' dir='ltr'><strong>cum</strong></span> <span class='ocrx_word' id='word_1_234' title='bbox 1080 2877 1129 2937; x_wconf 88' lang='lat' dir='ltr'><strong>illa</strong></span> 
     </span>
     <span class='ocr_line' id='line_1_29' title="bbox 135 2973 1129 3050; baseline 0.001 -18"><span class='ocrx_word' id='word_1_235' title='bbox 135 2973 274 3050; x_wconf 84' lang='lat' dir='ltr'><strong>audisset,</strong></span> <span class='ocrx_word' id='word_1_236' title='bbox 294 2976 445 3036; x_wconf 89' lang='lat' dir='ltr'><strong>suscitauit</strong></span> <span class='ocrx_word' id='word_1_237' title='bbox 463 2987 586 3036; x_wconf 89' lang='lat' dir='ltr'><strong>cunctas</strong></span> <span class='ocrx_word' id='word_1_238' title='bbox 610 2995 723 3037; x_wconf 90' lang='lat' dir='ltr'><strong>sorores</strong></span> <span class='ocrx_word' id='word_1_239' title='bbox 742 2986 772 3037; x_wconf 92' lang='lat' dir='ltr'><strong>et</strong></span> <span class='ocrx_word' id='word_1_240' title='bbox 795 2975 826 3036; x_wconf 93' lang='lat' dir='ltr'><strong>in</strong></span> <span class='ocrx_word' id='word_1_241' title='bbox 843 2975 997 3036; x_wconf 89' lang='lat' dir='ltr'><strong>ecclesiam</strong></span> <span class='ocrx_word' id='word_1_242' title='bbox 1020 2993 1129 3034; x_wconf 79' lang='lat' dir='ltr'><strong>corruo</strong></span> 
     </span>
     <span class='ocr_line' id='line_1_30' title="bbox 135 3072 1128 3152; baseline 0.004 -22"><span class='ocrx_word' id='word_1_243' title='bbox 135 3081 214 3131; x_wconf 89' lang='lat' dir='ltr'><strong>catas</strong></span> <span class='ocrx_word' id='word_1_244' title='bbox 228 3072 408 3134; x_wconf 89' lang='lat' dir='ltr'><strong>orationibus</strong></span> <span class='ocrx_word' id='word_1_245' title='bbox 421 3093 458 3132; x_wconf 91' lang='lat' dir='ltr'><strong>ac</strong></span> <span class='ocrx_word' id='word_1_246' title='bbox 473 3073 593 3151; x_wconf 90' lang='lat' dir='ltr'><strong>psalmis</strong></span> <span class='ocrx_word' id='word_1_247' title='bbox 611 3094 666 3152; x_wconf 89' lang='lat' dir='ltr'><strong>pro</strong></span> <span class='ocrx_word' id='word_1_248' title='bbox 685 3075 783 3134; x_wconf 91' lang='lat' dir='ltr'><strong>anima</strong></span> <span class='ocrx_word' id='word_1_249' title='bbox 803 3073 903 3133; x_wconf 89' lang='lat' dir='ltr'><strong>matris</strong></span> <span class='ocrx_word' id='word_1_250' title='bbox 922 3093 1042 3150; x_wconf 86' lang='lat' dir='ltr'><strong>operam</strong></span> <span class='ocrx_word' id='word_1_251' title='bbox 1059 3075 1128 3134; x_wconf 90' lang='lat' dir='ltr'><strong>dare</strong></span> 
     </span>
     <span class='ocr_line' id='line_1_31' title="bbox 135 3167 1180 3249; baseline 0.007 -25"><span class='ocrx_word' id='word_1_252' title='bbox 135 3167 258 3227; x_wconf 84' lang='lat' dir='ltr'><strong>monuit</strong></span> <span class='ocrx_word' id='word_1_253' title='bbox 281 3171 364 3245; x_wconf 92' lang='lat' dir='ltr'><strong>quod</strong></span> <span class='ocrx_word' id='word_1_254' title='bbox 377 3188 446 3229; x_wconf 90' lang='lat' dir='ltr'><strong>cum</strong></span> <span class='ocrx_word' id='word_1_255' title='bbox 459 3169 577 3230; x_wconf 89' lang='lat' dir='ltr'><strong>residuo</strong></span> <span class='ocrx_word' id='word_1_256' title='bbox 586 3169 682 3230; x_wconf 88' lang='lat' dir='ltr'><strong>noctis</strong></span> <span class='ocrx_word' id='word_1_257' title='bbox 696 3181 829 3247; x_wconf 88' lang='lat' dir='ltr'><strong>tempore</strong></span> <span class='ocrx_word' id='word_1_258' title='bbox 838 3170 992 3247; x_wconf 85' lang='lat' dir='ltr'><strong>diligenter</strong></span> <span class='ocrx_word' id='word_1_259' title='bbox 1000 3181 1126 3248; x_wconf 86' lang='lat' dir='ltr'><strong>agerent,</strong></span> <span class='ocrx_word' id='word_1_260' title='bbox 1142 3193 1180 3249; x_wconf 85' lang='lat'><strong>30</strong></span> 
     </span>
     <span class='ocr_line' id='line_1_32' title="bbox 135 3265 1126 3344; baseline 0.005 -22"><span class='ocrx_word' id='word_1_261' title='bbox 135 3276 279 3325; x_wconf 89' lang='lat' dir='ltr'><strong>uenerunt</strong></span> <span class='ocrx_word' id='word_1_262' title='bbox 292 3265 387 3342; x_wconf 91' lang='lat' dir='ltr'><strong>primo</strong></span> <span class='ocrx_word' id='word_1_263' title='bbox 401 3266 531 3327; x_wconf 91' lang='lat' dir='ltr'><strong>diluculo</strong></span> <span class='ocrx_word' id='word_1_264' title='bbox 545 3268 656 3338; x_wconf 84' lang='lat' dir='ltr'><strong>fratres,</strong></span> <span class='ocrx_word' id='word_1_265' title='bbox 676 3267 727 3344; x_wconf 92' lang='lat' dir='ltr'><strong>qui</strong></span> <span class='ocrx_word' id='word_1_266' title='bbox 741 3267 803 3327; x_wconf 89' lang='lat' dir='ltr'><strong>eius</strong></span> <span class='ocrx_word' id='word_1_267' title='bbox 822 3267 937 3328; x_wconf 91' lang='lat' dir='ltr'><strong>obitum</strong></span> <span class='ocrx_word' id='word_1_268' title='bbox 951 3268 1126 3342; x_wconf 90' lang='lat' dir='ltr'><strong>nuntiarent,</strong></span> 
     </span>
     <span class='ocr_line' id='line_1_33' title="bbox 134 3360 1128 3441; baseline 0.008 -23"><span class='ocrx_word' id='word_1_269' title='bbox 134 3360 233 3421; x_wconf 89' lang='lat' dir='ltr'><strong>aloco</strong></span> <span class='ocrx_word' id='word_1_270' title='bbox 251 3362 303 3422; x_wconf 93' lang='lat' dir='ltr'><strong>ubi</strong></span> <span class='ocrx_word' id='word_1_271' title='bbox 323 3364 463 3423; x_wconf 85' lang='lat' dir='ltr'><strong>defuncta</strong></span> <span class='ocrx_word' id='word_1_272' title='bbox 481 3374 534 3424; x_wconf 81' lang='lat' dir='ltr'><strong>est</strong></span> <span class='ocrx_word' id='word_1_273' title='bbox 576 3375 607 3426; x_wconf 88' lang='lat' dir='ltr'><strong>at</strong></span> <span class='ocrx_word' id='word_1_274' title='bbox 625 3363 692 3425; x_wconf 89' lang='lat' dir='ltr'><strong>illae</strong></span> <span class='ocrx_word' id='word_1_275' title='bbox 710 3366 922 3441; x_wconf 88' lang='lat' dir='ltr'><strong>respondentes</strong></span> <span class='ocrx_word' id='word_1_276' title='bbox 941 3364 1076 3426; x_wconf 88' lang='lat' dir='ltr'><strong>dixerunt</strong></span> <span class='ocrx_word' id='word_1_277' title='bbox 1096 3384 1128 3426; x_wconf 90' lang='lat' dir='ltr'><strong>se</strong></span> 
     </span>
    </p>
   </div>
   <div class='ocr_carea' id='block_1_3' title="bbox 295 3473 962 3543">
    <p class='ocr_par' dir='ltr' id='par_1_4' title="bbox 295 3473 962 3543">
     <span class='ocr_line' id='line_1_34' title="bbox 295 3473 962 3543; baseline 0.009 -17"><span class='ocrx_word' id='word_1_278' title='bbox 295 3473 305 3507; x_wconf 87' lang='lat'>²</span> <span class='ocrx_word' id='word_1_279' title='bbox 321 3478 420 3528; x_wconf 73' lang='lat' dir='ltr'><strong>arcellis</strong></span> <span class='ocrx_word' id='word_1_280' title='bbox 434 3494 465 3543; x_wconf 91' lang='lat' dir='ltr'><strong>pr</strong></span> <span class='ocrx_word' id='word_1_281' title='bbox 475 3494 541 3528; x_wconf 84' lang='lat' dir='ltr'><strong>man.</strong></span> <span class='ocrx_word' id='word_1_282' title='bbox 559 3502 561 3508; x_wconf 93' lang='lat'>·</span> <span class='ocrx_word' id='word_1_283' title='bbox 756 3475 778 3511; x_wconf 77' lang='lat'><strong>⁸1</strong></span> <span class='ocrx_word' id='word_1_284' title='bbox 794 3479 901 3530; x_wconf 85' lang='lat' dir='ltr'><strong>deluculo</strong></span> <span class='ocrx_word' id='word_1_285' title='bbox 918 3496 962 3532; x_wconf 79' lang='lat' dir='ltr'><strong>ma.</strong></span> 
     </span>
    </p>
   </div>
   <div class='ocr_carea' id='block_1_4' title="bbox 0 0 1301 3834">
    <p class='ocr_par' dir='ltr' id='par_1_5' title="bbox 0 0 1301 3834">
     <span class='ocr_line' id='line_1_35' title="bbox 0 0 1301 3834; baseline 0 0"><span class='ocrx_word' id='word_1_286' title='bbox 0 0 1301 3834; x_wconf 95' lang='lat' dir='ltr'><strong> </strong></span> 
     </span>
    </p>
   </div>
  </div>
 </body>
</html>
