2592 3834
113 260 164 343 18]
285 277 350 325 nus
369 277 495 325 ennon
515 277 755 328 nrspncrrn'o
772 280 931 331 EASTER.
1068 286 1103 345 51

37 488 40 494 Ι
110 406 258 477 omnibus
273 406 395 484 quaein
410 405 589 483 euangelicis
602 408 652 467 uel
665 408 835 484 apostolicis
852 410 916 472 siue
928 412 1107 491 propheticis

109 503 215 563 litteris
234 502 370 575 facienda
390 514 578 579 cognouerat,
601 505 832 580 praetermittere
853 507 906 566 sed
928 520 1035 567 cuneta
1053 528 1107 587 pro

109 601 171 662 suis
198 600 308 662 uiribus
335 600 473 677 operibus
501 602 617 678 explere
644 603 775 661 curabat.
817 604 892 664 haec
918 604 949 664 in
976 608 1108 683 praefato

108 695 241 757 antistite
255 697 380 755 multum
394 696 577 771 complector
589 705 619 756 et
632 715 712 770 amo,
726 696 796 773 quia
808 698 947 759 nimirum
960 703 1035 762 haec
1048 704 1108 763 deo

76 794 255 878 5placuisse
275 813 338 853 non
358 793 485 869 ambigo
528 794 610 869 quod
630 804 730 853 autem
751 797 863 871 pascha
882 816 943 857 non
965 818 1018 857 suo
1037 810 1109 859 tem-

108 911 183 969 pore
204 892 381 951 obsemabat
402 893 451 949 uel
475 890 651 950 canonicum
675 890 737 951 eius
759 904 874 969 tempus
898 894 1036 971 ignorans
1059 900 1108 957 uel

108 1007 182 1049 suae
200 987 296 1063 gentis
312 986 485 1047 auctoritate
500 1006 540 1047 ne
556 986 688 1063 agnitum
705 1002 876 1065 sequeretur
889 990 1031 1063 deuictus,
1046 1012 1107 1052 non

109 1084 246 1159 adprobo
268 1102 325 1143 nec
346 1083 445 1143 laudo.
487 1081 517 1140 in
539 1102 598 1158 quo
621 1094 720 1142 tamen
743 1084 800 1143 hoc
824 1085 967 1161 adprobo,
988 1088 1058 1164 quia
1077 1088 1109 1147 in

109 1178 310 1239 celebratione
333 1178 378 1238 sui
399 1180 527 1255 paschae
550 1197 612 1238 non
633 1178 714 1238 aliud
737 1180 827 1239 corde
849 1183 969 1241 tenebat
990 1202 1109 1243 uenera-

62 1304 96 1339 10
110 1280 199 1338 batur
221 1287 251 1336 et
269 1275 466 1352 praedicabat,
489 1295 579 1351 quam
598 1276 680 1351 quod
699 1295 765 1347 nos,
783 1274 814 1335 id
832 1287 877 1336 est
895 1278 1108 1338 redemtionem

110 1373 228 1451 generis
245 1371 368 1431 humani
386 1390 439 1448 per
455 1371 624 1448 passionem
642 1371 886 1431 resurrectionem
905 1373 1109 1433 ascensionem

111 1472 144 1529 in
164 1470 262 1529 caelos
283 1467 453 1529 mediatoris
470 1467 520 1527 dei
534 1479 563 1527 et
581 1465 736 1551 hominum
754 1468 882 1527 hominis
904 1471 973 1528 Iesu
991 1468 1108 1531 Christi.

110 1566 195 1625 unde
209 1575 239 1624 et
252 1566 330 1623 hanc
348 1583 420 1639 non,
438 1575 471 1623 ut
487 1564 607 1639 quidam
627 1564 701 1622 falso
722 1564 887 1639 opinantur,
907 1564 982 1640 xiiij²
996 1567 1066 1624 luna
1079 1566 1110 1624 in

112 1662 246 1740 qualibet
263 1662 334 1721 seria
347 1681 415 1719 cum
430 1660 549 1719 Iudaeis
563 1648 616 1745 sed
631 1658 680 1719 die
694 1660 843 1719 dominica
862 1680 977 1737 semper
995 1663 1110 1738 agebat,

65 1778 129 1839 15a
148 1759 223 1817 luna
239 1756 316 1833 iriiija
333 1756 484 1833 usquead
504 1765 591 1831 xx²¹¹¹3
611 1766 732 1831 propter
749 1755 839 1813 fidem
860 1756 999 1815 uidelicet
1020 1755 1111 1815 domi-

112 1854 199 1915 nicae
221 1853 440 1915 resurrectionis
462 1872 552 1929 quam
574 1871 634 1910 una
656 1853 770 1911 sabbati
794 1854 910 1923 factam,
933 1864 1111 1930 propterque

41 1936 45 1943 ⁴
113 1970 198 2029 spem
216 1960 336 2010 nostrae
353 1947 571 2008 resurrectionis
591 1966 680 2023 quam
700 1948 805 2006 eadem
825 1967 884 2005 una
902 1948 1016 2008 sabbati
1035 1968 1111 2025 quae

114 2066 195 2106 nunc
219 2044 369 2107 dominica
393 2045 456 2107 dies
480 2044 587 2105 dicitur
608 2042 751 2102 ueraciter
771 2044 898 2103 futuram
920 2063 988 2102 cum
1010 2055 1112 2104 sancta

116 2142 240 2202 ecclesia
255 2142 403 2201 credebat.

561 2366 673 2429 XVIII

69 2404 105 2441 20

126 2521 232 2647 HIS
247 2517 429 2595 temporibus
442 2535 534 2592 regno
548 2514 742 2576 Orientalium
753 2516 925 2591 Anglomm,
942 2529 1009 2593 post
1023 2520 1112 2595 Earp

214 2617 338 2677 ualdum
365 2611 514 2673 Redualdi
545 2630 754 2680 successorem,
777 2609 909 2685 Sigberct
935 2614 1023 2678 irater
1050 2613 1111 2671 eius

120 2713 242 2791 praefuit
254 2714 346 2771 homo
360 2712 457 2769 bonus
470 2700 670 2783 ac‘religiosus
676 2727 686 2780 ;
700 2705 751 2781 qui
764 2706 878 2765 dudum
892 2706 922 2765 in
934 2708 1030 2766 Gallia
1041 2709 1111 2766 dum

122 2809 285 2884 inimicitias
300 2805 449 2867 Redualdi
463 2803 578 2881 fugiens
591 2804 721 2861 exularet
734 2804 885 2866 lauacrum
899 2803 1036 2880 baptismi
1050 2824 1113 2881 per.

73 2930 106 2989 ²5
122 2908 197 2987 cepit
224 2919 254 2968 et
275 2903 399 2984 patriam
426 2920 569 2974 reuersus,
591 2900 642 2959 ubi
664 2918 755 2973 regno
777 2900 887 2975 potitus
911 2912 964 2974 est,
986 2920 1056 2960 mox
1078 2921 1113 2960 ea

124 3027 196 3084 quae
209 3006 241 3065 in
256 3004 359 3065 Galliis
375 3004 453 3063 bene
467 2998 610 3076 disposita
628 2997 704 3056 uidit
722 2995 828 3055 imitari
847 2997 969 3073 cupiens
990 2996 1113 3055 instituit

124 3105 252 3163 scholam
265 3102 296 3160 in
311 3118 371 3177 qua
384 3096 465 3175 pueri
479 3094 581 3155 litteris
593 3093 783 3165 erudirentur,
798 3092 919 3152 iuuante
930 3112 961 3152 se
972 3092 1112 3168 episcopo

125 3202 219 3262 Felice
234 3218 323 3276 quem
335 3198 376 3256 de
394 3194 501 3256 Cantia
520 3201 673 3268 acceperat
693 3188 793 3265 eisque
812 3189 983 3266 pedagogos
1002 3207 1038 3246 ac
1054 3207 1114 3248 ma-

123 3300 224 3377 gistros
238 3298 319 3357 iuxta
331 3312 444 3353 morem
459 3288 684 3352 Cantuariorum
697 3287 866 3363 praebente.
893 3323 898 3334 ·

76 3422 113 3478 30
181 3402 370 3469 Tantumque
390 3410 441 3449 rex
456 3388 504 3447 ille
524 3385 657 3447 caelestis
675 3381 759 3461 regni
776 3392 890 3441 amator
906 3382 999 3441 sactus
1019 3394 1063 3442 est
1080 3394 1113 3442 ut

274 3512 275 3519 ’
315 3506 337 3539 ²⁶
349 3504 433 3555 «Gallis
443 3517 488 3550 ms.
514 3525 517 3533 ·
733 3491 753 3524 ²⁷
770 3491 863 3539 litteriis
874 3506 920 3537 ms,

956 3601 1030 3653 4-2
