2592 3834
154 223 240 308 Μ]
400 243 528 292 arsuras
545 244 649 294 sunta
663 244 716 296 v‘ro
736 237 906 296 ALBINUS.
1088 235 1143 310 167

155 389 301 430 summare
327 369 420 447 potui,
441 372 481 430 ad
507 371 775 433 transscribendum
794 372 899 434 remisi.
932 374 985 434 sed
1005 383 1035 434 et
1055 375 1143 449 aliud,

155 467 238 542 quod
251 477 280 526 te
293 467 398 544 partim
413 468 579 529 desiderare
593 469 733 546 comperi,
748 471 889 530 uolumen
905 471 958 530 tibi
971 470 1037 530 uice
1051 490 1144 531 remu-

154 562 312 622 nerationis
339 583 432 640 aeque
458 566 498 626 ad
531 565 798 626 transscribendum
825 565 978 634 destinani,
1005 565 1144 626 uidelicet

153 655 326 734 illudquod
345 660 383 719 de
404 670 547 721 structura
567 660 670 737 templi
691 663 857 721 Salomonis
876 673 966 738 atque
987 661 1144 739 allegorica

121 753 216 816 Seius
232 754 471 833 interpretatione
491 777 587 834 nuper
605 757 694 818 edidi.
715 769 812 834 teque,
831 758 1030 820 amantissime
1050 769 1142 836 pater,

153 852 276 926 supplex
291 852 422 924 obsecro,
440 864 474 912 ut
491 872 628 929 promea
645 853 797 930 fragilitate
819 873 886 914 cum
906 854 952 914 his
972 856 1023 932 qui
1043 866 1141 915 tecum

153 958 221 1006 sunt
234 947 349 1007 famulis
364 950 472 1010 Christi
485 951 566 1027 apud
578 950 662 1027 pium
678 949 806 1011 iudicem
825 953 944 1012 sedulus
960 952 1143 1012 intercedere

152 1042 338 1104 memineris:
369 1047 422 1107 sed
445 1057 475 1107 et
496 1067 548 1106 eos
574 1049 614 1108 ad
640 1067 716 1124 quos
743 1051 847 1110 eadem
874 1060 973 1109 nostra
1000 1048 1142 1126 opuscula

151 1139 302 1214 peruenire
329 1141 439 1215 feceris,
467 1143 527 1202 hoc
552 1141 633 1203 idem
659 1145 754 1204 facere
781 1144 934 1205 monueris
961 1147 1039 1206 bene
1065 1148 1139 1220 nale,

102 1260 137 1298 ro
150 1257 265 1314 semper
277 1238 475 1299 amantissime
488 1237 520 1298 in
534 1239 652 1301 Christo
664 1250 748 1318 pater
760 1238 879 1319 optime.

545 1579 757 1660 HEVm

149 1776 336 1902 VERVM
361 1799 497 1857 eaquae
520 1790 687 1856 temporum
709 1777 898 1840 distinctione
918 1779 1005 1839 latius
1025 1779 1139 1858 digesta

249 1888 317 1938 sunt
331 1879 371 1938 ob
385 1876 556 1937 memoriam
570 1879 802 1937 conseruandam
816 1875 943 1938 breuiter
955 1877 1137 1954 recapitulari

146 1973 264 2049 placuit.
793 2023 795 2027 ,

98 2080 131 2138 15
205 2073 295 2130 Anno
315 2069 402 2146 igitur
422 2078 491 2130 ante
507 2068 738 2130 incarnationem
757 2068 936 2130 dominicam
955 2070 1136 2147 sexagesimo

146 2165 237 2224 Gaius
261 2166 354 2225 Iulius
378 2167 487 2226 Caesar
512 2165 622 2241 primus
651 2168 854 2226 Romanorum
879 2165 1033 2226 Brittanias
1056 2168 1135 2228 bello

145 2261 272 2338 pulsauit
285 2271 316 2322 et
328 2260 408 2333 uicit,
423 2279 479 2320 nec
492 2271 591 2319 tamen
605 2259 646 2319 ibi
660 2279 782 2337 regnum
795 2260 892 2338 potuit
905 2260 1046 2322 obtinere.

203 2360 294 2417 Anno
317 2359 355 2417 ab
379 2356 579 2416 incarnatione
599 2357 713 2417 domini
733 2358 794 2417 xlui
815 2357 963 2432 Claudius,
987 2360 1135 2420 secundus

145 2454 349 2514 Romanorum
363 2452 519 2512 Brittanias
537 2453 648 2526 adiens,
663 2453 818 2530 plurimam
837 2454 949 2514 insulae
968 2465 1082 2532 partem
1102 2454 1134 2514 in

94 2567 131 2608 20
144 2549 326 2609 deditionem
351 2548 463 2625 recepit
489 2559 520 2608 et
552 2550 683 2609 Orcadas
714 2569 833 2626 quoque
859 2549 968 2612 insulas
993 2553 1133 2613 Romano

142 2645 251 2706 adiecit
263 2645 395 2722 imperio,

201 2744 291 2801 Anno
317 2739 525 2801 incarnationis
552 2739 720 2801 dominicae
747 2739 835 2799 clxuii
855 2741 995 2801 Eleuther
1014 2745 1131 2805 Romae

140 2841 256 2914 praesul
277 2840 371 2898 factus
397 2858 438 2897 xu
457 2856 552 2897 annos
573 2837 728 2898 ecclesiam
751 2836 955 2913 gloriosissime
977 2839 1060 2915 rexit,
1083 2841 1132 2901 cui

187 2997 210 3030 ¹⁰
224 2999 289 3048 banc
299 2998 429 3063 epistolam
440 3015 470 3047 ex
484 3013 522 3046 ms
534 2997 619 3047 codice
633 2997 764 3048 Mettensis
777 2998 921 3047 monasterii
938 2999 1016 3047 sancti
1033 3000 1130 3051 Amulli

140 3062 203 3111 eruit
215 3064 326 3126 mihique
341 3063 474 3112 transmisit
488 3062 528 3111 uir
541 3062 669 3125 religiosus
683 3063 796 3110 Domnus
811 3062 925 3111 Placidus
942 3063 1127 3125 Beuuilliouius‚

138 3127 247 3176 eiusdem
262 3128 311 3176 loci
328 3135 381 3176 tum
397 3127 516 3190 subprior.
549 3127 640 3189 quoin
657 3126 741 3175 codice
757 3126 860 3174 habetur
875 3125 937 3174 haec
953 3126 1058 3189 epistola
1074 3143 1130 3178 cum

139 3189 186 3238 hac
206 3191 379 3254 inscriptione:
401 3191 488 3253 incipe
498 3190 622 3254 praefattb
637 3190 787 3253 Pratsbytm'
801 3190 837 3238 ad
852 3189 990 3238 Alcuinum
1008 3190 1130 3242 Abba-um

138 3253 200 3314 [sicl
236 3254 305 3318 qnod
324 3262 468 3318 argumento
487 3262 524 3302 est
543 3254 693 3318 superiorem
710 3253 839 3317 epistolam
856 3253 1015 3316 praefationis
1033 3255 1088 3304 uice
1103 3257 1130 3306 in

138 3318 278 3381 Anglicaua
288 3319 371 3367 Bedae
382 3318 483 3367 historia
498 3318 573 3367 luisse
585 3319 724 3382 appositam
736 3332 751 3365 a
761 3317 846 3366 scribis
856 3318 989 3378 nonnullis,
1002 3320 1045 3384 qui
1056 3321 1128 3370 Albi·

135 3396 195 3430 num
205 3383 271 3431 bunc
282 3383 387 3432 eundem
397 3397 451 3432 esse
462 3397 519 3432 cum
530 3383 638 3432 Alcuiuo
648 3388 804 3447 putauerunt.
832 3392 987 3436 MABILLON.

184 3444 205 3477 ²¹
220 3447 347 3497 Romanae
356 3462 401 3508 ms.
