2592 3834
502 883 794 961 APPENDIX

444 1171 460 1228 I
501 1170 614 1229 Bana’s
635 1171 788 1228 Poimen.

425 1284 459 1342 ΙΙ
501 1285 629 1341 Lurrun
648 1299 689 1341 To
709 1285 859 1342 Auernos.

408 1399 460 1456 ΙΙΙ
503 1398 732 1457 Hrerccuv
754 1415 798 1469 24

785 1539 791 1572 l

380 1688 383 1693 ’
415 1718 742 1779 ouomosrssrno
770 1716 873 1776 neor

376 1862 908 1975 cnouvvuro

274 2098 372 2147 BEDA
388 2098 560 2150 FAMVLVS
578 2097 728 2148 CHRISTI
745 2098 791 2147 ET
809 2096 1025 2147 PRESBYTER.

155 2312 435 2438 HISTORIAM
463 2312 558 2391 gentis
593 2314 757 2390 Anglorum
788 2310 1023 2385 ecclesiasticam,
1053 2329 1140 2386 quam

113 2414 116 2431 '
246 2429 341 2488 nuper
358 2409 517 2482 edideram,
538 2408 730 2471 libentissime
750 2405 804 2467 tibi
824 2405 1009 2477 desideranti,
1029 2424 1089 2479 rex,
1111 2416 1140 2466 et

149 2507 229 2585 prius
256 2509 295 2567 ad
322 2509 480 2584 legendum
508 2526 544 2565 ac
566 2505 753 2583 probandum
779 2501 926 2564 transmisi
950 2512 979 2563 et
1001 2522 1080 2562 nunc
1101 2505 1139 2563 ad

149 2604 416 2666 transscribendum
429 2624 465 2663 ae
478 2602 592 2680 plenius
606 2623 644 2663 ex
656 2613 789 2679 tempore
802 2599 1007 2660 meditandum
1018 2610 1141 2660 retrans

119 2710 135 2771 5
150 2694 248 2763 mitto:
269 2701 396 2777 satisque
411 2701 541 2760 studium
555 2710 622 2758 tuae
636 2696 809 2758 sinceritatis
823 2697 992 2773 amplector,
1005 2712 1065 2772 quo
1078 2716 1139 2757 non

149 2801 244 2860 solum
271 2798 426 2859 audiendis
450 2799 608 2874 scripturae
630 2808 751 2857 sanctae
774 2795 871 2857 uerbis
895 2815 996 2855 aurem
1020 2796 1139 2856 sedulus

148 2895 365 2967 accommodas,
390 2912 494 2954 uerum
518 2893 608 2953 etiam
631 2891 790 2953 noscendis
814 2891 944 2969 priorum
967 2891 1057 2968 gestis
1077 2891 1139 2951 siue

148 2990 234 3050 dictis
256 2976 287 3050 et
307 2989 435 3048 maxime
458 3000 576 3050 nostrae
598 2987 694 3065 gentis
717 2988 845 3069 uirorum
866 2987 1019 3047 illustrium
1039 3006 1139 3046 curam
1239 2979 1242 2990 '

146 3086 302 3162 uigilanter
331 3085 486 3162 impendis.
529 3085 592 3144 sine
626 3085 707 3144 enim
733 3084 853 3144 historia
880 3085 926 3143 de*
946 3081 1032 3142 bonis
1059 3083 1139 3141 bona

99 3197 135 3236 10
148 3183 260 3260 reserat,
281 3182 320 3240 ad
341 3180 515 3240 imitandum
535 3181 649 3240 bonum
670 3179 786 3240 auditor
805 3178 946 3238 sollicitus
967 3176 1119 3254 instigatur
1128 3199 1138 3251 ;

147 3297 199 3337 seu
212 3279 291 3338 mala
309 3289 520 3338 commemoret
538 3279 577 3338 de
596 3275 703 3354 prauis,
724 3276 913 3338 nihilominus
932 3274 1083 3351 religiosus
1102 3289 1160 3334 ac·

146 3373 212 3452 pius
226 3373 343 3436 auditor
355 3373 418 3436 siue
431 3377 525 3436 lector
542 3375 704 3435 deuitando
722 3376 804 3452 quod
823 3373 945 3438 noxium
963 3383 1009 3434 est
1025 3391 1061 3432 ac
1076 3390 1138 3450 per·

524 3487 536 3522 ⁷
551 3488 687 3538 accomodes
697 3503 740 3538 ms.

961 3609 1054 3649 11-2
1148 3660 1150 3663 p
