2592 3834
116 224 231 307 noum]
427 216 564 296 HENRll
588 246 782 296 WHARTON.
1055 252 1108 307 193

116 372 275 431 translated
299 372 350 433 the
370 375 487 433 Psalms
513 374 573 434 and
595 376 673 434 New
703 370 858 433 Tostammt
883 373 947 434 into
976 375 1108 449 English,

117 469 176 528 and
203 467 281 528 lived
308 487 327 526 a
354 481 505 530 comment
536 488 577 529 on
604 469 689 529 those
716 468 811 528 words
844 470 879 529 of
908 468 959 528 the
985 471 1108 545 apostle,

116 563 233 638 shining
252 584 287 623 as
308 585 328 623 a
348 565 420 640 ltglrt
439 568 471 625 in
492 567 539 624 the
560 567 659 637 world,
682 566 713 623 in
734 565 781 623 the
800 566 887 623 mrilrt
905 565 941 640 eff
956 584 976 623 a
999 566 1115 623 crookea'

116 660 180 717 and
188 669 319 735 perverse
332 663 499 736 generativa.
541 662 580 720 he
593 681 652 719 was
666 679 705 720 no
719 661 832 737 gadder
845 660 965 732 abroad,
980 660 1110 721 credible

87 754 237 840 5authors
263 755 429 832 avouching
452 756 516 815 that
542 756 581 815 he
608 774 698 815 never
720 766 798 815 went
825 766 878 815 out
907 757 941 815 ol
963 755 1010 815 his
1034 759 1109 829 cell;

117 852 231 928 though
243 854 317 913 both
335 855 501 930 Cambridge
511 854 572 913 and
585 856 677 913 Rome
692 855 816 931 pretend
830 865 862 914 to
875 854 920 916 his
934 854 1107 917 habitation.

117 958 167 1025 yet
190 947 235 1008 his
259 968 346 1025 corps
367 951 441 1009 alter
461 949 507 1009 his
534 950 736 1011 death...took
759 970 778 1009 a
798 952 932 1029 Journey,
958 971 992 1012 or
1012 952 1111 1012 rather

117 1063 192 1105 were
205 1048 346 1107 removed
359 1057 390 1107 to
403 1048 543 1107 Durhom
558 1047 618 1106 and
631 1047 714 1107 there
728 1046 895 1107 enshrined.

584 1277 644 1334 XX

69 1426 105 1465 10
125 1403 330 1525 ISTORVM
357 1400 509 1483 [Gregorii
532 1403 647 1477 Isidori,
671 1403 795 1463 Maximi
815 1401 874 1485 cet]
900 1407 1110 1466 commentaria

197 1501 296 1576 plures
314 1500 421 1559 eruditi
439 1499 494 1559 uiri
512 1499 628 1575 saepius
646 1500 811 1572 ediderunt,
826 1510 856 1560 et
870 1501 948 1561 orbis
958 1503 1109 1562 litteratus

118 1596 198 1656 edita
221 1596 435 1672 comprobauit
478 1595 582 1672 quidni
602 1595 690 1672 igitur
712 1595 833 1673 parilem
857 1599 988 1658 fauorem
1010 1601 1109 1659 Bedae

118 1691 241 1750 nostrati
268 1710 383 1768 sperare
410 1690 520 1751 liceat?
569 1703 648 1751 certe
675 1692 744 1751 huic
771 1712 868 1769 neque
895 1694 1029 1754 doctrina
1055 1714 1109 1771 pro

119 1787 227 1847 saeculi
248 1788 294 1847 sui
312 1798 402 1864 captu
420 1808 476 1847 nec
489 1786 596 1848 eximia
609 1788 761 1849 doctrinae
774 1790 853 1848 sama
865 1789 966 1851 deluit.
1009 1790 1110 1851 uiuen-

68 1901 103 1961 15
118 1894 179 1945 tem
199 1884 323 1945 ecclesia
344 1887 482 1945 Romana
501 1884 591 1945 etiam
611 1905 629 1946 e
650 1885 812 1962 longinquo
833 1897 973 1947 uenerata
994 1898 1038 1947 est
1049 1910 1058 1962 3
1080 1900 1110 1948 et

119 1981 250 2042 defuncti
277 1980 448 2043 memoriam
482 1981 636 2059 sequentia
670 1983 788 2041 saecula
818 1983 940 2059 egregiis
973 1984 1110 2045 laudibus

118 2079 270 2155 hucusque
285 2088 353 2138 sunt
371 2089 527 2154 prosecuta
536 2098 547 2151 ;
566 2096 715 2157 operaque
735 2076 812 2137 illius
833 2078 999 2155 theologica
1018 2080 1111 2139 homi-

118 2194 171 2234 nes
198 2174 289 2235 exteri
315 2174 446 2252 pluribus
473 2173 560 2234 tomis
594 2193 732 2252 expressa
764 2176 855 2235 semel
885 2187 974 2253 atque
1005 2177 1109 2238 iterum

118 2272 301 2347 euulgarunt
773 2350 776 2355 ι

65 2392 105 2431 20
180 2368 267 2427 Certe
288 2366 375 2427 nobis
393 2366 497 2443 Anglis
520 2366 616 2427 fraudi
637 2386 700 2426 non
723 2366 778 2427 erit
799 2367 907 2445 scripta
929 2370 1111 2430 conterranei

118 2465 211 2525 nostri
234 2463 414 2525 celeberrimi
435 2464 466 2523 in
488 2464 585 2523 lucem
605 2464 759 2524 emittere:
790 2462 862 2540 quin
885 2464 984 2541 potius
1004 2467 1111 2542 pudori

117 2564 173 2625 erit
199 2584 235 2624 ea
260 2562 347 2623 tineis
377 2561 537 2637 blattisque
570 2560 742 2637 relinquere,
772 2580 848 2637 quae
882 2560 972 2621 exteri
1006 2563 1111 2621 sedulo

118 2661 296 2738 conquirunt
317 2672 347 2721 et
370 2680 387 2721 e
411 2659 540 2720 tenebris
561 2658 696 2735 eripiunt.
739 2658 936 2735 nequeenim
957 2660 994 2719 de
1015 2660 1112 2736 gentis

118 2768 236 2817 nostrae
258 2756 351 2833 gloria
377 2754 483 2828 minus,
507 2774 597 2831 quam
620 2754 679 2827 alii,
705 2773 805 2813 sumus
828 2753 946 2813 solliciti
956 2774 966 2827 3
993 2774 1049 2813 nec
1073 2755 1111 2815 de

66 2867 102 2927 25
119 2854 219 2914 Bedae
240 2851 371 2912 concinis
392 2849 502 2911 meritis
526 2861 616 2926 atque
640 2848 806 2910 eruditione
833 2848 930 2908 minus
957 2849 1111 2925 magnifice

118 2949 268 3012 sentimus
311 2948 434 3025 scriptor
453 2966 582 3025 nuperus
602 2945 762 3006 Casimirus
782 2946 884 3007 Oudin
906 2946 991 3005 nobis
1010 2945 1041 3003 in
1062 2965 1112 3022 op-

116 3048 268 3127 probrium
281 3047 376 3121 uertit,
392 3048 474 3123 quod
488 3046 589 3107 omnia
608 3046 707 3105 Bedae
726 3064 816 3121 opera
834 3063 850 3103 e
868 3043 990 3103 diuersis
1006 3043 1111 3104 biblio·

117 3147 270 3205 thecarum
297 3142 482 3217 nostratium,
509 3141 617 3219 quibus
644 3138 746 3205 abdita
773 3141 874 3212 latent,
902 3140 1002 3197 forulis
1029 3150 1113 3199 eruta

117 3244 254 3303 nondum
273 3239 530 3319 euulgauerimus3
551 3250 581 3299 et
595 3238 640 3297 uir
657 3238 685 3297 cl
704 3238 855 3297 Iohannes
870 3234 1063 3296 Mabillonius
1080 3256 1112 3297 se
1214 3284 1217 3289 .

166 3404 283 3469 ⁰Henry
300 3407 423 3457 Wharton
443 3407 634 3470 Bedae...opera
654 3405 805 3469 quaedam...
831 3403 946 3463 (London
970 3400 1029 3465 1693
1049 3400 1116 3463 4tol

46 3478 52 3489 ¹
118 3469 386 3536 A2v⁰A3r⁰A4r⁰).

171 3615 173 3618 .
200 3583 226 3628 rs.
998 3582 1032 3638 13
