2592 3834
175 225 213 277 24
313 220 360 269 or
380 220 454 268 rna
478 218 719 269 convenarum
738 218 787 267 oF
807 216 881 265 THE
902 216 1016 265 Prcrs.
1098 197 1167 278 [ΙΙΙ

173 366 227 425 per
249 349 324 418 loca,
349 348 538 406 confluebant
558 348 596 407 ad
617 346 798 406 audiendum
821 346 945 405 uerbum
968 343 1072 421 populi
1097 363 1169 420 gau-

107 443 112 452 *
174 448 286 517 denteS,
307 445 493 503 donabantur
514 462 635 502 munere
654 442 735 519 regio
755 441 958 519 possessiones
976 451 1006 500 et
1023 439 1168 500 territoria

173 540 212 598 ad
250 538 430 597 instituenda
469 538 655 610 monasteria,
694 538 891 598 inbuebantur
926 536 1167 613 praeceptoribus

173 634 281 695 Scottis
307 632 422 711 paruuli
448 636 611 710 Anglorum
638 654 698 693 una
725 654 794 693 cum
821 633 981 693 maioribus
1007 632 1111 703 studiis
1135 644 1167 693 et

174 730 379 793 obseruatione
394 729 566 806 disciplinae
579 729 728 806 regularis.
1206 742 1225 801 5

233 830 312 887 Nam
332 827 470 887 monachi
491 839 573 888 erant
594 828 721 887 maxime
742 827 793 903 qui
812 828 851 887 ad
871 827 1103 903 praedicandum
1116 847 1168 887 ue

172 934 284 995 nerant,
309 926 471 983 monachus
492 922 555 1000 ipse
580 922 735 999 episcopus
757 923 863 981 Aedan
885 934 989 999 utpote
1011 923 1049 982 de
1070 922 1167 981 insula

174 1026 249 1098 quae
267 1033 390 1081 uocatur
404 1021 458 1081 Hii
477 1022 647 1094 destinatus,
667 1021 751 1080 cuius
772 1021 984 1080 monasterium
1000 1020 1031 1080 in
1049 1020 1166 1080 cunctis

173 1137 250 1195 pene
284 1116 557 1193 septentrionalium
591 1118 758 1177 Scottorum
786 1127 815 1176 et
845 1116 979 1176 omnium
1014 1117 1166 1176 Pictorum

173 1213 357 1275 monasteriis
376 1233 437 1273 non
453 1232 545 1289 paruo
561 1224 695 1289 tempore
711 1232 810 1273 arcem
831 1215 952 1272 tenebat
970 1213 1166 1289 regendisque
1184 1232 1225 1269 10

174 1330 275 1371 eorum
294 1310 411 1387 populis
430 1320 578 1387 praeerat:
608 1329 684 1386 quae
704 1310 843 1369 uidelicet
862 1309 959 1369 insula
978 1311 1017 1369 ad
1038 1310 1084 1370 ius
1104 1311 1169 1388 qui-

174 1409 243 1466 dem
265 1405 424 1464 Brittaniae
443 1404 578 1481 pertinet,
602 1425 664 1464 non
691 1424 799 1481 magno
819 1406 859 1464 ab
879 1425 916 1466 ea
935 1407 1009 1465 freto
1030 1406 1166 1477 discreta,

175 1506 227 1563 sed
243 1503 404 1563 donatione
419 1500 567 1561 Pictorum
585 1502 636 1579 qui
654 1502 719 1562 illas
738 1502 896 1562 Brittaniae
913 1504 1016 1579 plagas
1033 1502 1167 1563 incolunt

174 1600 347 1660 iamdudum
369 1597 522 1658 monachis
538 1600 706 1658 Scottorum
724 1598 839 1672 tradita,
859 1618 896 1659 eo
914 1599 996 1675 quod
1016 1598 1073 1657 illis
1086 1618 1168 1675 prae-

175 1696 341 1765 dicantibus
354 1696 444 1755 fidem
459 1694 568 1756 Christi
581 1696 775 1773 perceperint.
1185 1710 1220 1767 15

638 1920 707 1979 IIII

179 2090 418 2217 SIQVIDEM
441 2106 520 2148 anno
540 2086 673 2147 incarnat
674 2086 750 2146 ionis
777 2085 943 2147 dominicae
966 2086 1083 2160 d⁰lx⁰v⁰‚
1106 2104 1168 2163 quo

248 2199 380 2263 tempore
390 2186 620 2262 gubernaculum
629 2182 774 2243 Romani
766 2182 881 2259 rmperii
891 2193 959 2259 post
970 2182 1167 2243 Iustinianum

177 2284 307 2344 Iustinus
336 2282 433 2340 minor
459 2279 581 2356 accepit,
610 2279 693 2339 uenit
720 2280 758 2339 de
786 2278 932 2338 Hibernia
958 2281 1110 2358 presbyter
1137 2290 1168 2338 et
1282 2345 1284 2362 Ι

176 2382 269 2440 abbas
295 2378 399 2438 habitu
426 2387 456 2437 et
479 2377 540 2436 uita
567 2375 707 2435 monachi
730 2375 853 2453 insignis
874 2378 996 2436 nomine
1019 2378 1221 2437 Columba‘ao
1282 2369 1284 2460 l

177 2474 358 2546 Brittaniam,
386 2472 604 2550 praedicaturus
632 2473 755 2531 uerbum
783 2472 831 2532 dei
859 2472 1018 2549 prouinciis
1052 2483 1168 2549 septen·
1282 2469 1284 2472 ’

177 2572 342 2632 trionalium
358 2570 587 2642 Pictorum,th
604 2579 648 2628 est
668 2568 710 2628 eis
731 2588 807 2644 quae
825 2570 923 2629 arduis
941 2580 1031 2647 atque
1048 2572 1169 2631 horren·

177 2669 256 2728 tibus
273 2664 420 2726 montium
438 2664 511 2741 iugis
532 2666 570 2724 ab
592 2665 767 2724 australibus
788 2685 890 2725 eorum
911 2676 979 2725 sunt
998 2666 1169 2743 regionibus

178 2772 383 2839 sequestratae.
425 2780 552 2836 namque
567 2760 623 2837 ipsi
637 2764 776 2821 australes
791 2762 867 2821 Picti
885 2763 935 2838 qui
952 2762 1028 2821 intra
1045 2764 1168 2823 eosdem
1282 2831 1284 2838 ¹

177 2868 294 2918 montes
326 2858 438 2915 habent
467 2857 553 2915 sedes
580 2857 675 2916 multo
701 2868 770 2917 ante
797 2868 930 2933 ternpore
955 2867 989 2916 ut
1012 2857 1169 2934 perhibent
1185 2877 1219 2936 25
1282 2853 1284 2856 ’

177 2954 280 3015 relicto
303 2972 400 3013 errore
426 2952 578 3013 idolatriae
605 2954 696 3012 fidem
723 2953 853 3013 ueritatis
880 2965 1063 3031 acceperant,
1087 2973 1170 3031 prae-

179 3051 297 3111 dicante
331 3048 372 3109 eis
406 3051 531 3109 uerbum
565 3050 664 3126 Nynia
697 3049 839 3126 episcopo
870 3050 1104 3111 reuerentissimo
1139 3061 1171 3111 et

179 3146 363 3207 sanctissimo
389 3146 453 3206 uiro
480 3148 518 3206 de
541 3146 662 3206 natione
687 3148 869 3217 Brettonum,
894 3147 944 3223 qui
968 3158 1029 3207 erat
1053 3148 1169 3228 Rornae

179 3242 347 3319 regulariter
364 3242 454 3301 fidem
467 3252 498 3300 et
515 3241 653 3317 mysteria
666 3240 797 3301 ueritatis
811 3242 944 3313 edoctus,
963 3240 1046 3301 cuius
1065 3242 1168 3301 sedern

180 3338 379 3416 episcopalem
406 3340 499 3399 sancti
527 3339 650 3399 Martini
677 3338 809 3415 episcopi
840 3339 960 3399 nomine
988 3351 1017 3400 et
1044 3340 1165 3400 ecclesia
1183 3358 1222 3413 30
1282 3375 1284 3418 :

549 3450 798 3502 ”outzmanusma
1064 3471 1068 3484 .
1282 3431 1284 3524 j
