2592 3834
127 205 158 290 3]
209 175 218 193 κ
418 223 466 274 or
484 224 561 273 rna
581 223 699 274 Mona
715 221 827 273 ovrrvr.
1079 218 1115 280 95

127 349 290 423 dominum,
314 349 438 427 contigit
460 350 509 411 die
537 352 665 427 quadam
693 361 726 410 ut
752 349 784 408 in
811 349 940 426 praefata
964 344 1117 406 mansione

127 448 200 506 forte
214 445 277 523 ipse
290 465 358 504 cum
371 465 433 505 uno
446 457 562 506 tantum
579 448 667 506 fratre
684 445 731 504 cui
748 445 927 504 uocabulum
947 453 1008 503 erat
1027 441 1118 502 Ouini

127 553 364 615 commoraretur,
385 543 489 602 ceteris
514 543 577 602 eius
604 541 692 602 sociis
722 559 777 616 pro
801 559 890 598 causa
911 549 1058 615 oportuna
1079 537 1118 596 ad

128 637 282 698 ecclesiam
309 638 440 698 reuersis.
495 648 557 698 erat
590 649 689 697 autem
723 636 803 696 idem
832 635 923 698 Ouini
956 636 1119 696 monachus

97 734 228 811 smagni
255 733 351 794 meriti
378 745 408 794 et
434 753 508 810 pura
540 733 706 793 intentione
741 751 884 810 supernae
918 731 1119 794 retributionis

129 832 273 891 mundum
294 831 502 907 derelinquens
526 830 693 910 dignusque
716 849 769 908 per
790 830 890 891 omnia
911 830 959 890 cui
981 831 1119 891 dominus

129 929 294 1005 specialiter
315 949 368 988 sua
387 930 530 988 reuelaret
550 946 665 1000 arcana,
688 928 793 1004 dignus
814 927 861 987 cui
881 928 971 987 fidem
991 926 1120 988 narranti

130 1025 284 1095 audientes
328 1025 595 1084 accommodarent
651 1034 772 1082 uenerat
807 1022 885 1082 enim
919 1041 987 1080 cum
1019 1021 1120 1099 regina

130 1121 323 1198 Aedilthryde
350 1122 389 1181 de
415 1119 568 1197 prouincia
589 1119 784 1181 Orientalium
809 1121 972 1197 Anglomm
1000 1129 1120 1195 eratque

79 1240 118 1280 10
130 1219 243 1294 primus
257 1216 456 1277 ministrorum
471 1228 501 1276 et
513 1216 652 1293 princeps
666 1217 773 1276 domus
787 1216 857 1276 eius.
900 1213 952 1293 qui
966 1235 1033 1275 cum
1048 1234 1121 1276 cres·

131 1326 218 1375 cente
231 1314 301 1374 fidei
314 1316 429 1374 feruore
443 1317 562 1374 saeculo
575 1314 781 1374 abrenuntiare
794 1313 973 1389 disponeret,
987 1331 1049 1372 non
1063 1312 1121 1371 hoc

132 1409 259 1486 segniter
279 1409 356 1483 fecit,
380 1411 433 1468 sed
454 1410 531 1469 adeo
556 1429 588 1469 se
608 1409 714 1469 mundi
737 1411 824 1468 rebus
848 1408 927 1468 exuit
948 1419 989 1482 ut,
1014 1409 1122 1469 relictis

132 1505 271 1566 omnibus
291 1525 366 1582 quae
386 1506 523 1580 habebat,
547 1506 673 1583 simplici
695 1517 808 1566 tantum
830 1507 932 1566 habitu
952 1507 1071 1569 indutus
1092 1520 1122 1570 et

132 1605 258 1664 securim
284 1615 373 1679 atque
399 1603 509 1662 asciam
531 1603 562 1661 in
584 1622 673 1661 manu
696 1604 791 1662 serens
811 1602 924 1663 ueniret
945 1605 984 1664 ad
1007 1625 1123 1666 monas·

82 1713 117 1773 15
133 1697 237 1759 terium
252 1697 384 1758 eiusdem
397 1698 623 1757 reuerentissimi
637 1698 735 1774 patris,
751 1698 832 1774 quod
851 1710 974 1758 uocatur
992 1702 1124 1760 Laestin-

133 1815 216 1873 gaeu.
259 1815 321 1855 non
342 1794 421 1854 enim
439 1795 478 1854 ad
497 1794 598 1866 otium,
613 1806 646 1854 ut
665 1794 794 1871 quidam,
810 1779 862 1854 sed
880 1795 919 1854 ad
939 1796 1071 1856 laborem
1091 1816 1123 1857 se

134 1891 345 1952 monasterium
372 1891 480 1950 intrare
507 1889 648 1967 signabat.
702 1893 783 1968 quod
810 1890 905 1968 ipsum
934 1891 1023 1951 etiam
1045 1893 1123 1953 facto

135 1989 327 2050 monstrauit:
354 2007 423 2046 nam
453 2005 512 2062 quo
533 1987 630 2046 minus
651 1987 813 2048 sufficiebat
833 1987 1016 2048 meditationi
1037 1989 1125 2067 scrip-

136 2094 274 2155 turarum,
299 2103 336 2142 eo
359 2082 483 2158 amplius
505 2083 586 2159 operi
612 2102 753 2142 manuum
781 2082 910 2143 studium
934 2082 1121 2160 inpendebat.

82 2209 123 2248 20
137 2180 265 2255 denique
279 2200 346 2238 cum
364 2180 505 2256 episcopo
526 2180 556 2237 in
578 2182 707 2256 praefata
727 2181 879 2240 mansione
893 2200 947 2257 pro
961 2199 1031 2240 suae
1044 2201 1125 2240 reue

136 2278 229 2338 rentia
242 2276 410 2337 deuotionis
423 2277 499 2336 inter
511 2278 612 2335 iratres
625 2276 751 2349 habitus,
767 2295 833 2335 cum
852 2275 894 2334 illi
914 2274 992 2335 intus
1005 2276 1125 2337 lectioni

137 2375 292 2446 uacabant,
307 2372 370 2449 ipse
386 2371 455 2432 foris
476 2391 552 2449 quae
573 2391 650 2448 opus
669 2391 733 2431 esse
747 2373 922 2433 uidebantur
940 2375 1121 2449 operabatur.

138 2469 189 2545 qui
209 2489 277 2528 cum
298 2469 346 2528 die
367 2470 496 2546 quadam
516 2471 575 2528 tale
595 2468 706 2544 aliquid
727 2469 796 2528 soris
816 2480 914 2545 ageret
932 2469 1068 2545 digressis
1086 2471 1126 2529 ad

139 2565 293 2623 ecclesiam
308 2564 404 2636 sociis,
418 2574 451 2622 ut
470 2564 567 2623 dicere
589 2583 752 2640 coeperam,
768 2575 797 2623 et
819 2563 975 2640 episcopus
994 2567 1073 2624 solus
1095 2564 1124 2624 in

85 2690 102 2728 2
108 2685 123 2745 5
140 2659 266 2720 oratorio
287 2659 346 2720 loci
373 2659 492 2720 lectioni
518 2661 566 2719 uel
594 2657 719 2719 orationi
747 2677 867 2734 operam
895 2659 984 2733 daret,
1013 2660 1127 2721 audiuit

140 2768 267 2834 repente,
293 2768 326 2816 ut
347 2768 451 2836 postea
474 2759 623 2830 referebat,
648 2776 754 2816 uocem
779 2755 980 2816 suauissimam
1008 2769 1126 2817 cantan-

141 2852 214 2912 tium
228 2864 316 2930 atque
329 2851 501 2912 laetantium
516 2853 554 2910 de
568 2852 652 2911 caelo
665 2852 703 2911 ad
719 2861 808 2911 terras
826 2870 919 2927 usque
933 2853 1127 2912 descendere:

140 2940 229 3023 quani
242 2948 381 3008 uidelicet
394 2966 500 3007 uocem
515 2948 554 3007 ab
568 2958 746 3021 euroaustro,
761 2947 792 3008 id
807 2959 851 3007 est
865 2950 903 3006 ab
916 2949 976 3007 alto
989 2947 1128 3008 brumalis

141 3056 268 3118 exortus,
282 3044 377 3121 primo
392 3063 422 3104 se
442 3045 557 3103 audisse
576 3044 695 3104 dicebat
714 3064 750 3105 ac
769 3044 879 3105 deinde
898 3043 1039 3121 paulatim
1063 3064 1128 3104 eam

85 3166 127 3223 30
142 3141 197 3202 sibi
210 3141 392 3218 adpropiare,
407 3141 505 3201 donec
518 3143 556 3201 ad
571 3152 681 3201 tectum
699 3162 792 3220 usque
811 3143 928 3203 oratorii
948 3143 1053 3218 inquo
1067 3155 1129 3204 erat

141 3237 298 3313 episcopus
317 3236 501 3313 perueniret:
522 3238 602 3313 quod
619 3237 748 3313 ingressa
769 3249 863 3298 totum
884 3239 1017 3316 impleuit
1039 3251 1128 3316 atque

140 3332 172 3392 in
198 3351 269 3410 gyro
296 3331 496 3393 circumdedit.
539 3344 570 3392 at
596 3332 645 3392 ille
672 3334 744 3393 dum
772 3333 913 3394 sollicitus
940 3333 970 3394 in
995 3355 1129 3410 eaquae

301 3444 322 3478 ²1
339 3447 442 3497 habetur
451 3463 497 3497 ms.
745 3447 766 3481 ¹⁷
777 3448 910 3499 discendere
919 3465 965 3500 ms.
