2592 3834
294 808 483 869 INCIPIT
519 809 664 867 LIBER
697 810 901 871 TERTIVS

136 1018 407 1087 HISTORIAE
445 1022 853 1089 ECCLESIASTICAE
891 1024 1065 1090 GENTIS

461 1143 741 1209 ANGLORVM.

205 1394 304 1443 IIAEC
328 1394 594 1445 CONTINENTVR
616 1396 657 1444 IN
680 1397 790 1446 LIBRO
814 1397 1005 1447 CAPITVLA.

163 1554 177 1602 Ι
253 1554 287 1603 Ut
302 1554 383 1617 primi
397 1570 534 1604 successores
550 1556 661 1604 Aeduini
680 1556 742 1620 regis
762 1562 784 1604 et
794 1556 871 1619 fidem
881 1573 940 1605 suae
946 1557 1029 1620 gentis
1038 1564 1097 1619 pro·

264 1619 379 1667 dederunt
399 1625 421 1667 et
440 1636 543 1683 regnum
558 1629 635 1683 parra
659 1620 782 1669 Osualdus
806 1620 1031 1670 Christianissimus
1054 1637 1098 1669 rex

265 1690 395 1745 sanamque
403 1686 558 1732 restaurauit.

152 1761 182 1809 II
254 1763 288 1812 Ut
297 1763 401 1825 deligam
411 1765 488 1811 amicis
498 1765 564 1826 quod
575 1765 636 1812 idem
653 1781 697 1812 rex
712 1771 796 1812 cantra
813 1765 926 1813 barbaras
935 1772 1098 1828 pugnatums

264 1835 376 1885 erexerat,
401 1828 465 1875 inter
489 1830 622 1876 innumera
648 1830 783 1878 sanitatum
808 1831 938 1889 miracula,
959 1830 1058 1893 quidam
1081 1846 1097 1876 a

264 1891 363 1939 dolentis
373 1892 467 1941 brachii
476 1894 508 1941 sit
517 1894 634 1955 languore
643 1900 749 1942 curatus.

145 1970 189 2018 III
253 1972 285 2019 Ut
297 1971 357 2019 idem
371 1987 415 2020 rex
425 1973 554 2035 postulans
568 1974 596 2020 de
607 1979 678 2035 gente
690 1975 824 2021 Scottorum
839 1975 970 2022 antisa'tem
986 1975 1098 2037 accepm't

263 2035 527 2149 Zidcags'aaazzaelaffaaque
540 2038 567 2085 in
583 2039 666 2084 insula
682 2038 887 2101 Liadisstsrnensi
895 2040 969 2088 sedem
979 2040 1095 2105 episcopa·

141 2178 203 2226 1111
251 2179 354 2238 Quando
360 2196 420 2242 gens
431 2181 554 2229 Pictorum
557 2180 635 2244 fidem
650 2181 744 2230 christi
747 2182 883 2246 perceperit.

156 2258 182 2306 V
249 2259 289 2306 De
298 2260 350 2307 uita
361 2261 458 2309 Aidani
466 2262 572 2324 episcopi.

147 2341 189 2391 VI
247 2343 287 2392 De
295 2342 406 2405 religane
416 2358 444 2390 ac
449 2343 537 2405 pietate
547 2344 663 2391 miranda
678 2343 782 2392 Osualdi
790 2344 859 2407 regis.

139 2420 195 2471 VII
251 2422 285 2471 Ue
293 2423 422 2484 prouincia
434 2423 621 2471 Occidaitalium
633 2424 761 2471 Saxonum
772 2426 872 2471 uerbum
883 2423 934 2472 Dei
941 2425 1098 2486 praedicante

262 2487 354 2598 {gizei
373 2488 524 2560 ,susceperim
550 2495 572 2536 et
597 2489 625 2536 de
649 2489 818 2536 successon'bus
843 2491 893 2537 eius
916 2489 1050 2552 Agy'lbercta
1074 2495 1098 2537 et

341 2566 397 2597 ereo.

132 2630 203 2680 VIII
249 2632 282 2681 Ut
292 2647 335 2679 rex
348 2609 540 2680 ¹Cantaariarum
552 2633 716 2681 Earconberct
727 2632 791 2680 idola
803 2632 895 2681 destrui
905 2634 1056 2696 praeceperit.
1075 2640 1097 2681 et

262 2696 291 2743 de
301 2695 360 2759 filia
377 2696 427 2743 eius
445 2698 601 2760 Earcangata
616 2704 639 2745 et
650 2698 791 2761 propinqua
813 2698 973 2760 Aeds'lbergae,
994 2700 1096 2746 sacratis

262 2760 314 2807 Dea
324 2761 469 2822 uirginibus.

148 2840 190 2888 lx
251 2840 285 2889 Ut
300 2840 328 2888 in
346 2841 393 2888 loca
412 2840 439 2888 ia
457 2857 504 2904 qua
521 2842 609 2890 occisas
627 2847 661 2890 est
678 2858 722 2889 rex
744 2842 843 2901 Osuald,
860 2842 942 2890 crebra
959 2843 1094 2891 sanitatum

263 2905 383 2951 miracula
393 2904 473 2967 facta,
488 2912 560 2967 utque
570 2906 604 2953 ibi
610 2907 695 2969 prima
706 2906 841 2955 iumentum
857 2907 984 2955 cuiusdam
1001 2908 1095 2954 mantis

262 2985 291 3016 ac
301 2970 385 3017 deinde
389 2971 472 3032 puella
483 2971 517 3029 sit,
519 2971 653 3034 paralitica
665 2976 760 3018 curata.

156 3047 181 3095 X
250 3047 283 3096 Ut
289 3048 376 3111 puluis
386 3048 431 3096 laci
440 3049 508 3097 illius
518 3056 602 3097 cantra
613 3051 697 3113 ignem
709 3051 824 3099 ualuerit.

144 3128 184 3175 XI
249 3128 283 3177 Ut
302 3135 374 3190 super
395 3130 509 3193 reliquias
530 3130 580 3178 eius
600 3131 648 3179 lux
669 3132 771 3181 caelestis
791 3139 840 3181 tata
866 3138 932 3181 nacte
960 3138 1047 3181 steterat
1075 3141 1099 3181 et

262 3199 290 3240 ut
294 3200 341 3255 per
350 3209 389 3241 eas
398 3194 449 3241 sint
459 3194 591 3243 demoniaci
599 3197 687 3245 curati.

140 3269 195 3319 XII
249 3271 284 3319 Ut
292 3272 328 3319 ad
335 3273 443 3321 tumbam
454 3274 504 3321 eius
514 3272 547 3321 sit
550 3275 673 3337 puerulus
682 3292 695 3323 e
697 3276 766 3337 febre
774 3284 881 3325 curatus.

134 3352 203 3403 XIII
248 3353 451 3466 &maffeium
461 3354 493 3403 sit
503 3355 604 3419 quidam
615 3362 664 3419 per
673 3357 787 3420 reliquias
796 3359 847 3406 eius
859 3374 875 3405 a
892 3358 975 3407 martis
990 3359 1096 3407 anatella

186 3528 214 3572 B·
995 3534 1011 3570 2
