2592 3834
150 231 301 314 (23)=21]
319 248 747 307 oasamonaaaousum,
762 243 1062 338 arao’sMorHan.
1086 251 1141 308 139

147 378 256 458 gratiae
270 390 393 438 matrem
411 396 519 437 uocare
538 387 724 449 consuerant,
744 375 774 434 in
795 395 850 436 suo
868 375 1045 437 monasterio
1063 376 1142 437 uitae

149 476 285 551 exemplo
309 475 511 551 praesentibus
539 471 651 547 extitit3
686 473 739 532 sed
767 471 856 533 etiam
889 472 1022 550 plurimis
1054 474 1142 552 longe

148 569 344 642 manentibus,
359 570 398 628 ad
416 587 492 644 quos
509 568 579 627 felix
597 567 757 628 industriae
777 587 813 627 ac
830 567 945 631 uirtutis
964 569 1027 629 eius
1043 589 1143 630 rumor

147 668 290 747 peruenit,
318 666 507 727 occasionem
535 666 636 726 salutis
670 676 700 726 et
734 665 923 726 correctionis
957 666 1139 727 ministrauit

117 764 303 846 5oportebat
335 781 465 838 namque
502 760 607 838 inpleri
652 759 800 820 somnium
834 763 916 837 quod
953 773 1047 822 mater
1080 761 1142 821 eius

148 858 310 936 Bregusuid
325 857 355 916 in
369 855 491 916 infantia
504 855 567 916 eius
580 855 664 917 uidit.
707 875 783 934 quae
797 876 866 917 cum
879 857 924 916 uir
937 858 999 918 eius
1018 857 1142 918 Hereric

148 958 276 1017 exularet
290 956 344 1015 sub
362 974 429 1030 rege
446 955 621 1013 Brettonum
640 952 773 1026 Cerdice,
789 954 841 1014 ubi
860 965 890 1015 et
908 975 1026 1016 ueneno
1046 952 1140 1031 periit,

147 1052 222 1112 uidit
237 1071 291 1129 per
313 1050 470 1123 somnium,
492 1049 577 1126 quasi
598 1049 696 1109 subito
724 1051 871 1110 sublatum
893 1071 960 1111 eum
986 1051 1142 1128 quaesierit

147 1169 216 1209 cum
247 1148 329 1210 omni
368 1146 520 1224 diligentia
551 1148 726 1223 nullumque
752 1145 815 1206 eius
839 1147 955 1224 uspiam
984 1148 1141 1225 uestigium

99 1243 319 1321 roapparuerit.
361 1262 465 1301 uerum
489 1260 559 1300 cum
581 1241 779 1301 sollertissime
799 1242 883 1300 illum
909 1243 1072 1319 quaesierit,
1095 1264 1141 1304 ex·

147 1339 251 1414 timplo
278 1357 310 1397 se
337 1336 483 1414 repperire
504 1337 558 1396 sub
582 1348 665 1396 ueste
693 1356 747 1396 sua
768 1337 878 1397 monile
899 1338 1140 1414 pretiosissimum

147 1438 236 1514 quod,
266 1438 338 1496 dum
366 1436 504 1496 attentius
531 1436 737 1511 consideraret,
772 1436 846 1498 tanti
879 1439 991 1515 fulgore
1022 1438 1141 1498 luminis

145 1535 288 1610 refulgere
311 1534 474 1606 uidebatur,
497 1545 530 1594 ut
552 1554 656 1594 omnes
677 1533 838 1594 Brittaniae
858 1536 933 1596 fines
953 1535 1029 1595 illius
1049 1535 1141 1612 gratia

146 1631 311 1708 splendoris
332 1631 473 1708 impleret
516 1632 598 1707 quod
620 1631 758 1690 nimirum
782 1631 929 1690 somnium
947 1631 1089 1692 ueraciter
1109 1633 1140 1692 in

97 1745 130 1805 15
145 1729 208 1788 filia
219 1729 281 1789 eius
294 1730 332 1789 de
347 1749 407 1806 qua
419 1727 567 1804 loquimur
580 1729 728 1804 expletum
748 1738 810 1787 est:
831 1727 914 1786 cuius
931 1727 992 1787 uita
1010 1748 1071 1788 non
1084 1728 1140 1788 sibi

145 1827 342 1897 solummodo,
366 1826 420 1885 sed
446 1824 546 1884 multis
572 1825 650 1884 bene
678 1824 778 1884 uiuere
804 1823 973 1884 uolentibus
1006 1826 1141 1901 exempla

145 1939 268 1996 operum
282 1921 356 1981 lucis
369 1921 508 1998 praebuit
651 1981 654 1989 ,
1120 1999 1122 2005 .

205 2017 316 2075 Verum
335 2016 385 2075 illa
401 2037 470 2075 cum
491 2015 590 2076 multis
599 2015 696 2082 „annis
709 2015 778 2077 huic
791 2016 969 2078 monasterio
982 2024 1138 2094 praeesset,

144 2113 254 2189 placuit
275 2113 326 2190 pio
347 2113 490 2190 prouisori
512 2113 612 2174 salutis
634 2125 751 2174 nostrae
772 2127 903 2174 sanctam
924 2114 987 2174 eius
1010 2113 1139 2172 animam

94 2225 131 2263 20
144 2208 232 2285 longa
246 2208 334 2268 etiam
348 2209 515 2269 infirmitate
528 2209 622 2268 carnis
641 2209 808 2282 examinari,
823 2221 856 2270 ut
873 2209 954 2269 iuxta
972 2210 1139 2284 exemplum

143 2305 269 2380 apostoli
293 2305 385 2366 uirtus
411 2305 474 2366 eius
508 2305 539 2365 in
566 2306 733 2366 infirmitate
766 2307 959 2382 perficeretur.
1001 2322 1139 2381 percussa

144 2401 253 2460 etenim
273 2402 401 2464 febribus
417 2402 477 2461 acri
494 2402 592 2478 coepit
612 2403 715 2462 ardore
736 2402 857 2480 fatigari,
877 2415 905 2464 et
928 2423 981 2480 per
1001 2422 1051 2463 sex
1070 2422 1138 2462 con-

144 2497 241 2558 tinuos
255 2518 350 2558 annos
363 2500 470 2559 eadem
483 2500 619 2559 molestia
631 2501 764 2561 laborare
784 2521 845 2560 non
863 2502 1012 2562 cessabat:
1032 2499 1064 2560 in
1077 2519 1137 2578 quo

145 2605 209 2654 toto
223 2605 355 2670 tempore
370 2614 532 2671 numquam
549 2594 613 2671 ipsa
629 2595 679 2654 uel
699 2595 845 2656 conditori
862 2617 916 2657 suo
934 2595 1039 2674 gratias
1052 2615 1138 2673 agere

94 2701 128 2760 ²5
144 2691 192 2748 uel
214 2689 404 2749 commissum
428 2689 484 2750 sibi
502 2710 619 2767 gregem
640 2701 670 2750 et
686 2691 804 2767 publice
828 2703 858 2752 et
877 2693 1013 2769 priuatim
1031 2692 1138 2751 docere

143 2784 399 2862 praetermittebat·
441 2806 510 2846 nam
545 2807 599 2848 suo
632 2789 792 2865 praedocta
825 2791 968 2866 exemplo,
997 2789 1138 2849 monebat

143 2901 248 2943 omnes
262 2894 290 2943 et
308 2883 339 2943 in
360 2886 454 2944 salute
470 2895 593 2961 accepta
608 2885 739 2962 corporis
760 2885 882 2950 domino
903 2887 1138 2961 obtemperanter

144 2977 331 3037 seruiendum
355 2990 385 3038 et
406 2978 438 3037 in
461 2979 592 3039 aduersis
613 3000 710 3040 rerum
731 2979 794 3040 siue
814 2979 1029 3040 infirmitatibus
1047 2998 1138 3039 mem-

142 3073 260 3132 brorum
274 3074 399 3134 fideliter
417 3075 540 3135 domino
560 3095 625 3136 esse
643 3076 749 3152 gratias
768 3095 883 3152 semper
896 3075 1031 3153 agendas
1074 3093 1138 3150 sep·

90 3188 129 3245 30
141 3169 215 3228 timo
242 3188 312 3246 ergo
338 3189 409 3230 suae
436 3170 611 3230 infirmitatis
644 3190 725 3230 anno
751 3189 896 3231 conuerso
922 3171 961 3229 ad
987 3169 1137 3229 interanea

142 3268 243 3328 dolore
270 3268 310 3326 ad
336 3266 417 3326 diem
442 3265 576 3343 peruenit
602 3266 748 3340 ultimum,
771 3277 800 3326 et
824 3265 901 3325 circa
924 3263 992 3343 galli
1016 3275 1135 3324 cantum

141 3374 281 3441 percepto
303 3363 412 3424 uiatico
436 3374 637 3424 sacrosanctae
661 3361 878 3424 communionis
899 3382 968 3424 cum
992 3359 1135 3424 arcessitis

531 3476 603 3526 lim·
621 3491 739 3529 secman.
