2592 3834
145 231 197 314 ²9]
363 251 514 300 terrare
538 250 586 298 or
602 251 698 299 popa
724 250 909 300 marmur.
1092 235 1140 312 85=

143 383 230 440 clero.
272 380 371 455 itaque
395 379 445 455 qui
469 381 541 438 haec
564 379 669 438 obtulit
692 399 814 439 munera
838 381 875 439 de
896 381 951 438 hac
969 379 1132 439 subtractus

142 487 188 535 est
215 477 279 535 luce
307 475 436 549 situsque
461 476 499 532 ad
522 473 623 532 limina
650 476 856 549 apostolorum,
884 493 938 549 pro
962 493 1022 549 quo
1044 476 1132 534 ualde

143 588 244 628 sumus
271 568 433 628 contristati
459 587 511 627 cur
537 568 586 626 hic
616 578 692 627 esset
726 569 888 628 defunctus.
931 579 1133 646 uerumtamen

142 664 249 739 gerulis
267 665 371 723 harum
389 675 551 723 nostrarum
572 663 732 722 litterarum
753 663 855 722 uestris
878 662 972 722 missis
992 664 1134 724 beneficia

90 783 106 842 5
144 773 320 834 sanctorum,
340 763 398 821 hoc
416 773 460 821 est
476 761 611 837 reliquias
629 761 781 820 beatorum
800 761 998 835 apostolorum
1013 759 1091 819 Petri
1105 772 1134 820 et

145 857 229 918 Pauli
247 868 276 918 et
300 870 468 916 sauctomm
486 869 644 932 martyrum
666 854 815 914 Laurentii
836 855 976 913 Iohannis
1000 865 1029 914 et
1051 857 1134 914 Pauli

145 966 175 1015 et
196 954 320 1032 Grigorii
340 966 428 1030 atque
450 953 602 1028 Pancratii,
622 953 664 1013 eis
683 953 804 1014 fecimus
827 954 889 1012 dari
909 964 1022 1013 uestrae
1044 957 1136 1013 excel-

145 1051 252 1111 lentiae
285 1053 417 1126 profecto
451 1069 555 1112 omnes
588 1050 810 1109 contradendas
866 1067 935 1107 nam
962 1058 992 1107 et
1019 1048 1136 1125 coniugi

144 1159 258 1207 uestrae
272 1158 387 1207 nostrae
401 1147 521 1224 spiritali
534 1147 609 1220 filiae
628 1145 786 1206 direximus
800 1165 852 1222 per
865 1147 1008 1221 praefatos
1020 1148 1135 1223 gerulos

92 1262 131 1301 10
145 1262 262 1302 crucem
284 1246 398 1303 clauem
419 1263 536 1302 auream
557 1243 715 1302 habentem
735 1242 773 1300 de
794 1240 991 1300 sacratissimis
1010 1241 1136 1300 uinculis

146 1341 298 1400 beatorum
321 1341 399 1400 Petri
422 1352 451 1399 et
474 1339 556 1398 Pauli
575 1341 790 1415 apostolorum:
812 1339 849 1398 de
868 1339 950 1398 cuius
968 1339 1018 1415 pio
1037 1339 1135 1398 studio

146 1447 367 1511 cognoscentes,
382 1447 495 1494 tantum
512 1446 619 1494 cuncta
636 1436 721 1493 sedes
735 1433 895 1509 apostolica
908 1453 967 1492 una
981 1433 1135 1493 nobiscum

146 1532 276 1602 laetatur,
304 1543 447 1607 quantum
474 1530 536 1590 eius
562 1530 611 1607 pia
638 1549 727 1605 opera
754 1549 852 1588 coram
879 1530 937 1588 deo
960 1530 1081 1605 flagrant
1105 1541 1134 1588 et

146 1639 277 1687 uernant
331 1627 447 1686 festinet
474 1626 561 1702 igitur
587 1645 763 1701 quaesumus
797 1637 893 1686 uestra
923 1627 1074 1698 celsitudo,
1103 1639 1135 1686 ut

93 1753 105 1790 1
112 1749 129 1807 5
146 1736 290 1801 optamus,
305 1734 397 1784 totam
411 1743 494 1782 suam
510 1723 635 1781 insulam
650 1723 708 1781 deo
723 1722 839 1782 Christo
856 1721 960 1782 dicare.
1003 1724 1134 1798 profecto

145 1822 226 1880 enim
244 1822 332 1880 habet
350 1831 544 1897 protectorem
560 1819 686 1887 humani
704 1820 817 1895 generis
836 1820 1029 1879 redemtorem
1044 1821 1135 1879 domi-

144 1937 218 1976 num
236 1927 368 1975 nostrum
390 1918 489 1974 Iesum
511 1914 669 1987 Christum,
692 1914 742 1990 qui
764 1914 791 1974 ei
813 1926 918 1975 cuncta
937 1935 1075 1992 prospera
1094 1915 1135 1973 in—

144 2013 258 2090 pertiet,
272 2012 317 2073 uti
329 2033 442 2073 nouum
456 2010 563 2072 Christi
576 2012 719 2088 populum
733 2024 886 2072 coaceruet
904 2013 1077 2072 catholicam
1094 2013 1134 2073 ibi

145 2123 176 2170 et
209 2111 402 2186 apostolicam
435 2108 616 2167 constituens
650 2110 747 2168 fidem.
801 2108 939 2184 scriptum
967 2121 1010 2168 est
1038 2109 1134 2168 enim:

91 2229 131 2267 20
147 2206 305 2282 “quaerite
332 2205 459 2281 primum
485 2223 607 2278 regnum
629 2204 678 2263 dei
700 2215 729 2264 et
757 2204 894 2263 iustitiam
918 2205 988 2278 eius,
1011 2207 1135 2266 ethaeo

146 2303 246 2362 omnia
267 2301 430 2361 adicientur
450 2301 561 2360 uobis.’'
602 2301 739 2360 nimirum
767 2302 845 2361 enim
873 2303 983 2378 quaerit
1005 2314 1034 2362 et
1056 2303 1135 2380 inpe-

144 2399 232 2460 trauit
259 2409 289 2459 et
315 2397 344 2458 ei
370 2417 474 2458 omnes
500 2417 569 2457 suae
596 2398 716 2471 insulae,
739 2408 772 2460 ut
799 2410 941 2474 optamus
963 2400 1131 2460 subdentur.
1166 2459 1168 2466 ,

144 2507 268 2572 patemo
288 2494 387 2570 itaque
407 2495 513 2552 affectu
535 2496 692 2553 salutantes
713 2505 839 2554 uestram
862 2495 1070 2569 excellentiam,
1093 2496 1134 2555 di-

144 2590 247 2659 uinam
269 2608 422 2665 precamur
443 2588 546 2664 iugiter
568 2588 762 2662 clementiam,
787 2609 863 2666 quae
886 2608 940 2649 uos
963 2600 1134 2669 uestrosque

90 2709 129 2767 25
146 2703 250 2744 omnes
263 2684 294 2742 in
308 2683 444 2743 omnihus
458 2683 543 2743 bonis
570 2684 706 2760 operibus
720 2685 849 2743 auxiliari
863 2685 1004 2760 dignetur,
1020 2696 1051 2744 ut
1065 2705 1133 2744 cum

146 2779 264 2839 Christo
278 2779 308 2838 in
322 2780 419 2838 futuro
431 2779 556 2856 regnetis
569 2782 694 2839 saeculo
736 2779 914 2840 incolumem
932 2781 1133 2841 excellentiam

145 2887 272 2936 uestram
285 2874 376 2952 gratia
389 2895 514 2952 superna
527 2877 690 2937 custodiat!

207 2972 280 3048 Quis
293 2991 364 3032 sane
377 2991 430 3049 pro
441 2972 590 3049 Vighardo
600 2984 730 3050 repertus
741 2994 775 3033 ac
790 2974 940 3034 dedicatus
954 2974 990 3035 sit
1004 2973 1131 3047 antistes

145 3071 221 3131 libro
234 3081 376 3147 sequente
389 3069 560 3146 oportunius
574 3070 695 3131 dicetur.

334 3221 346 3256 ⁷
361 3222 483 3271 Pancrati
491 3236 535 3270 ms.
570 3221 630 3269 dare
639 3236 726 3269 manus
737 3236 766 3284 pr
778 3235 832 3269 corr
842 3219 868 3268 in
880 3218 944 3271 a'ari.
