2592 3834
188 256 226 328 48
373 267 544 317 Mrrncta
570 265 759 316 Μωυσεῖ
773 265 830 315 ar
845 266 987 316 rannus.
1114 248 1181 331 [ΙΙΙ

188 392 253 453 liter
266 392 381 465 absens,
396 391 543 469 sopiuerit
584 392 667 451 cuius
681 392 816 452 ordinem
829 391 961 451 miraculi
980 412 1043 451 non
1057 391 1183 469 quilibet

188 488 295 549 dubius
308 490 415 548 relator
428 488 481 549 sed
495 488 680 548 fidelissimus
694 487 766 547 mihi
780 499 896 547 nostrae
908 488 1050 547 ecclesiae
1063 490 1183 566 presby-

188 598 233 645 ter
247 584 416 662 Cynimund
438 585 583 643 uocabulo
603 582 739 656 narrauit,
761 583 811 659 qui
832 603 863 642 se
884 584 942 642 hoc
962 586 1001 643 ab
1022 583 1087 660 ipso
1106 587 1184 643 Vtta

187 681 357 758 presbytero
384 678 416 738 in
442 699 502 757 quo
529 691 560 740 et
586 699 638 756 per
665 699 754 756 quem
782 681 964 756 completum
992 691 1037 739 est
1063 680 1183 741 audisse

188 777 369 855 perhibebat.
1217 771 1232 830 5

656 988 731 1045 XVl

190 1143 358 1268 ALIUD
371 1140 500 1199 eiusdem
512 1139 601 1217 patris
611 1139 801 1199 memorabile
812 1140 984 1199 miraculum
993 1143 1089 1200 ferunt
1097 1143 1184 1202 multi

285 1238 336 1314 qui
355 1256 442 1296 nosse
461 1248 627 1312 potuerunt.
670 1255 739 1294 nam
759 1247 891 1312 tempore
912 1237 1099 1314 episcopatus
1118 1239 1184 1299 eius

189 1334 303 1394 hostilis
315 1334 493 1393 Merciorum
507 1333 652 1393 exercitus
667 1335 769 1394 Penda
779 1334 854 1392 duce
869 1334 1184 1410 Nordanhymbrorum

120 1458 125 1465 ·
190 1431 323 1508 regiones
345 1430 435 1505 impia
456 1430 540 1489 clade
561 1431 648 1505 longe
669 1431 786 1506 lateque
807 1431 966 1490 deuastans
986 1432 1121 1507 peruenit
1140 1436 1184 1494 ad
1201 1460 1234 1498 ιο

190 1528 294 1586 urbem
321 1545 414 1601 usque
441 1524 558 1600 regiam,
587 1544 663 1600 quae
685 1544 722 1583 ex
745 1527 866 1584 Bebbae
890 1528 1039 1601 quondam
1064 1528 1184 1605 reginae

190 1623 338 1683 uocabulo
360 1620 591 1698 cognominatur,
620 1640 745 1697 eamque
768 1622 837 1696 quia
858 1641 954 1697 neque
975 1624 1063 1682 armis
1084 1644 1185 1701 neque

191 1718 346 1780 obsidione
370 1737 475 1793 capere
499 1727 622 1793 poterat,
644 1716 769 1775 flammis
796 1719 949 1777 absumere
973 1730 1097 1778 conatus
1119 1734 1184 1784 est:

191 1814 380 1889 discissisque
401 1812 505 1871 uiculis
532 1832 607 1887 quos
632 1813 662 1894 in
684 1812 793 1871 uicinia
819 1813 899 1872 urbis
923 1813 1035 1873 inuenit
1062 1818 1185 1878 aduexit

191 1909 242 1967 illo
266 1909 422 1985 plurimam
447 1907 613 1987 congeriem
635 1909 762 1968 trabium
790 1908 937 1984 tignomm
959 1910 1104 1986 parietum
1127 1912 1233 1996 uir-15

191 2026 313 2084 georum
338 2016 367 2065 et
391 2004 461 2065 tecti
483 2005 567 2078 senei,
594 2016 623 2064 et
647 2006 693 2064 his
720 2008 822 2065 urbem
847 2006 878 2065 in
902 2026 1009 2083 magna
1027 2008 1185 2074 altitudine

192 2101 384 2161 circumdedit
406 2120 425 2159 a
445 2112 527 2177 parte
549 2119 608 2175 qua
628 2112 720 2160 terrae
742 2112 786 2160 est
804 2102 950 2178 contigua,
970 2114 1000 2162 et
1019 2105 1092 2162 dum
1113 2124 1186 2164 uen-

193 2209 255 2258 tum
269 2209 447 2275 oportunum
462 2208 601 2269 cerneret,
613 2197 705 2257 inlato
719 2196 787 2274 igne
797 2201 969 2258 comburere
983 2201 1087 2258 urbem
1102 2202 1186 2261 nisus
1280 2183 1281 2274 i

194 2308 245 2357 est.
287 2316 346 2373 quo
366 2307 497 2372 tempore
516 2295 766 2355 reuerentissimus
785 2296 905 2354 antistes
923 2296 1020 2355 Aidan
1037 2298 1069 2356 in
1087 2298 1187 2361 insula

195 2396 289 2453 Fame
310 2413 386 2470 quae
405 2394 520 2452 duobus
534 2394 624 2451 terme
642 2391 760 2452 milibus
776 2411 914 2468 passuum
933 2395 971 2452 ab
990 2396 1063 2453 urbe
1081 2401 1186 2473 procul
1202 2420 1236 2457 20
1280 2393 1281 2464 l

196 2491 280 2548 abest
302 2489 488 2561 morabatur;
516 2487 567 2548 illo
589 2488 668 2547 enirn
696 2487 811 2564 saepius
836 2500 965 2548 secretae
993 2490 1134 2551 orationis
1156 2504 1187 2553 et
1280 2497 1282 2566 ξ

194 2582 300 2643 silentii
328 2602 416 2641 causa
445 2584 582 2642 secedere
612 2594 786 2656 consuerat3
815 2584 944 2660 denique
971 2605 1065 2661 usque
1093 2586 1186 2649 hodie
1280 2599 1282 2661 ξ

112 2710 116 2717 ·
194 2682 292 2739 locum
313 2678 390 2737 sedis
414 2677 491 2737 illius
512 2680 656 2737 solitariae
677 2679 709 2738 in
729 2680 833 2738 eadem
855 2678 950 2739 insula
970 2683 1067 2741 solent
1088 2693 1187 2743 osten-

196 2778 273 2837 dere.
315 2775 366 2850 qui
389 2792 457 2832 cum
478 2774 574 2833 uentis
594 2775 753 2834 serentibus
780 2776 885 2851 globos
912 2775 986 2851 ignis
1013 2796 1049 2835 ac
1071 2778 1186 2838 fumum

195 2893 281 2949 supra
304 2870 504 2929 murosurbis
526 2871 646 2930 exaltari
673 2871 864 2947 conspiceret,
885 2874 974 2931 fertur
998 2875 1119 2935 eleuatis
1147 2879 1186 2935 ad
1203 2894 1235 2952 25

194 2971 307 3030 caelum
335 2966 427 3027 oculis
454 2966 648 3042 manibusque
675 2986 743 3026 cum
771 2968 896 3027 lacrimis
930 2970 1054 3030 dixisse:
1090 2972 1186 3046 ‘uide‚

196 3067 324 3136 domine,
340 3073 451 3139 quanta
466 3064 545 3120 mala
557 3063 626 3122 sacit
640 3064 761 3122 Penda'
801 3083 860 3139 quo
874 3065 955 3125 dicto
970 3067 1068 3126 statim
1082 3072 1188 3130 mutati

195 3165 233 3223 ab
252 3161 324 3220 urbe
343 3156 424 3216 uenti
442 3154 472 3214 in
491 3176 542 3216 eos
564 3157 614 3233 qui
632 3158 829 3216 accenderant
847 3160 1030 3219 flammarum
1049 3162 1189 3222 incendia

140 3326 141 3329 Ἴ
196 3265 382 3327 retorserunt,
410 3252 451 3338 ita
477 3263 509 3312 ut
535 3253 649 3330 aliquot
676 3255 746 3314 laesi
775 3274 878 3315 omnes
906 3257 996 3317 territi
1023 3258 1188 3335 inpugnare

197 3356 271 3413 ultra
283 3352 386 3408 urbem
400 3358 546 3407 cessarent
559 3367 647 3425 quam
663 3349 803 3410 diuinitus
816 3351 909 3410 iuuari
923 3366 1130 3431 cognouerant.
1202 3376 1238 3432 30

261 3469 281 3502 ²⁴
298 3468 379 3517 uicina
391 3482 436 3516 ms.
604 3465 625 3501 ³⁰
641 3478 804 3533 cognouerunt
813 3475 893 3536 prima
903 3491 985 3527 manu.
1006 3486 1062 3528 -ant
1070 3498 1119 3532 sec.
1172 3534 1174 3540 ,
1279 3471 1281 3474 ’
