2592 3834
181 912 407 961 EXPLICIVNT
430 912 615 965 CAPITVLA.
661 914 800 963 INCIPIT
823 914 901 964 IPSE
924 914 1041 965 LIBER.

604 1124 618 1181 1

114 1281 193 1405 AT
211 1280 366 1341 interfecto
383 1281 413 1339 in
432 1301 532 1358 pugna
544 1280 683 1341 Aeduino
701 1280 833 1367 suscepit
846 1301 899 1358 pro
918 1282 969 1343 illo
988 1302 1109 1360 regnum

209 1378 374 1449 Deirorum‚
396 1379 433 1436 de
452 1398 510 1453 qua
528 1378 680 1453 prouincia
700 1378 750 1437 ille
768 1378 882 1455 generis
899 1380 1065 1456 prosapiam
1081 1393 1110 1440 et

113 1472 278 1548 primordia
291 1474 372 1549 regni
386 1474 536 1546 habuerat,
550 1473 625 1531 filius
640 1473 736 1550 patrui
749 1474 812 1533 eius
825 1476 945 1558 Aelirici
962 1476 1110 1557 uocabulo

115 1568 214 1642 Osric,
230 1570 280 1645 qui
294 1572 333 1630 ad
353 1570 602 1645 praedicationem
623 1570 738 1629 Paulini
755 1571 825 1631 fidei
843 1583 903 1631 erat
920 1571 1110 1631 sacramentis

87 1663 246 1742 5inbutus.
296 1684 384 1741 porro
410 1685 532 1742 regnum
559 1666 768 1739 Bemiciorum‚
796 1687 866 1725 nam
893 1668 923 1735 iu
952 1669 1006 1727 bas
1034 1669 1108 1727 duas

115 1759 286 1834 prouincias
306 1780 378 1835 gens
402 1762 714 1837 Nordanhymbrorum
739 1762 900 1839 antiquitus
924 1763 1018 1823 diuisa
1039 1774 1109 1830 erat,

116 1855 249 1931 suscepit
272 1857 348 1915 filius
375 1858 530 1917 Aedilsridi
557 1858 607 1934 qui
630 1861 669 1919 de
691 1860 741 1918 illa
762 1860 915 1936 prouincia
940 1862 1054 1937 generis
1083 1872 1112 1921 et

116 1955 201 2030 regni
225 1954 368 2030 originem
396 1956 527 2028 duxerat,
553 1957 673 2016 nomine
698 1960 827 2017 Eanfrid.
870 1958 1015 2034 siquidem
1039 1970 1111 2017 tem·

117 2071 192 2128 pore
207 2062 272 2110 toto
287 2070 346 2127 quo
360 2054 493 2127 regnauit
505 2052 643 2127 Aeduini,
655 2053 707 2112 filii
721 2054 845 2129 praefati
858 2055 933 2129 regis
947 2052 1110 2124 Aedilsridi,

73 2148 170 2223 ioqui
187 2158 258 2206 ante
276 2147 358 2205 illum
379 2159 559 2224 regnauerat,
581 2168 650 2207 cum
669 2168 777 2224 magua
796 2148 940 2208 nobilium
962 2148 1112 2207 iuuentute

117 2243 200 2317 apud
223 2245 340 2303 Scottos
365 2243 426 2301 siue
452 2243 552 2302 Pictos
575 2245 733 2303 exulabant
754 2244 854 2319 ibique
882 2245 920 2301 ad
948 2242 1112 2302 doctrinam

119 2341 290 2398 Scottorum
314 2339 487 2398 cathecizati
511 2350 540 2398 et
564 2339 748 2415 baptismatIs
771 2352 840 2400 sunt
863 2339 955 2415 gratia
981 2339 1110 2399 recreati.

119 2438 171 2512 qui
196 2448 229 2495 ut
252 2448 370 2496 mortuo
393 2456 460 2512 rege
481 2436 602 2495 inimico
621 2436 746 2511 patriam
767 2447 834 2495 sunt
854 2437 948 2495 redire
968 2435 1112 2512 permissi,

119 2519 237 2609 accepit
250 2532 360 2608 primus
375 2552 484 2605 eorum,
506 2550 595 2607 quem
613 2531 748 2602 diximus,
769 2531 890 2589 Eanfrid
906 2551 1027 2607 regnum
1047 2534 1114 2590 Ber-

72 2655 105 2712 15
121 2631 276 2690 niciorum.
319 2631 370 2705 qui
384 2640 508 2704 uterque
525 2648 576 2687 rex
593 2640 626 2687 ut
645 2628 752 2687 terreni
770 2628 853 2705 regni
871 2630 978 2688 insulas
993 2628 1114 2687 sortitus

121 2737 177 2798 est,
200 2736 383 2783 sacramenta
409 2724 491 2800 regni
515 2722 652 2782 caelestis
678 2724 785 2799 quibus
809 2724 939 2783 initiatus
963 2738 1024 2782 erat
1045 2743 1113 2781 ana-

120 2808 342 2880 thematizando
362 2818 492 2896 prodidit
509 2838 545 2877 ac
562 2837 594 2878 se
612 2818 715 2895 priscis
729 2819 882 2879 idolatriae
896 2820 1031 2879 sordibus
1052 2820 1114 2893 pol·

119 2917 265 2976 luendum
279 2916 522 2992 perdendumque
535 2915 668 2974 restituit.

183 3014 249 3071 Nec
271 3030 362 3082 mora,
386 3021 541 3086 utrumque
563 3030 614 3069 rex
636 3013 809 3070 Brettonum
833 3010 996 3072 Ceadualla
1023 3008 1115 3084 impia

71 3132 107 3168 20
120 3128 213 3167 manu
228 3109 280 3167 sed
295 3108 371 3166 iusta
383 3108 495 3167 ultione
509 3107 640 3183 peremit.
682 3118 712 3167 et
730 3108 824 3185 primo
840 3109 960 3185 quidem
978 3107 1112 3185 proxima

120 3215 235 3264 aestate
263 3203 409 3275 Osricum,
437 3204 507 3261 dum
535 3222 566 3261 se
588 3203 619 3261 in
641 3203 756 3279 oppido
776 3203 937 3281 municipio
959 3204 1134 3291 temerarie⁸

121 3300 296 3373 obsedisset,
319 3319 476 3375 erumpens
497 3298 594 3358 subito
619 3318 686 3357 cum
709 3300 768 3359 suis
789 3300 927 3359 omnibus
948 3299 1112 3376 inparatum

121 3417 191 3457 cum
202 3409 266 3457 toto
278 3396 405 3457 exercitu
420 3394 536 3454 deleuit.
562 3392 632 3453 dein
647 3413 714 3452 cum
728 3414 808 3454 anno
819 3394 932 3469 integro
946 3394 1112 3470 prouincias

122 3492 437 3569 Nordanhymbrorum
458 3509 518 3549 non
537 3500 568 3548 ut
589 3508 640 3548 rex
660 3489 754 3549 uictor
777 3488 940 3565 possideret
961 3489 1012 3546 sed
1031 3488 1114 3562 quasi

956 3618 1032 3657 2-2
