2592 3834
147 211 184 267 88
373 220 568 271 CHAPTERS
590 218 637 268 OF
654 218 777 281 FOURT
776 217 806 266 H
825 217 933 266 BOOK.

178 352 247 401 XIII
294 351 325 399 Vt
351 350 445 414 Vilfrid
461 350 579 412 episcopus
597 348 752 412 prmeinciam
774 347 931 396 Australium
957 349 1084 397 Saxonum
1106 350 1142 398 ad

312 415 436 464 Christum
447 414 595 462 conuerterit.

290 494 387 605 [milit
417 495 448 542 Vt
460 493 622 543 intercessione
637 493 741 542 Osualde'
759 491 822 554 regis
833 459 948 556 pestifera
959 494 1094 542 mortalitas
1109 493 1142 542 sit

306 575 336 605 su
386 574 410 604 a.
783 578 786 583 ’

291 637 350 700 [xv]
389 639 421 685 Vt
433 637 564 685 Caedualla
583 653 626 686 rex
642 637 763 701 interfecto
779 654 830 700 rege
841 639 998 686 Australium
1013 641 1141 688 Saxonum

306 701 450 814 {iesslnactzlcli
456 700 613 764 prouinciam
629 703 700 750 illam
716 717 788 750 saeua
802 703 868 750 caede
878 718 906 750 ac
915 703 1094 766 depopulatione
1104 710 1140 751 at·

180 844 367 907 xl111¹[xv1]
416 846 446 893 Vt
466 847 534 893 Vecta
553 845 636 893 insula
659 845 810 894 Christianos
828 845 918 894 incolas
936 847 1059 910 uesceperit
1073 848 1142 895 cuius

309 911 371 972 regii
375 907 386 938 ²
396 911 444 957 duo
449 910 525 972 pueri
533 911 614 958 statim
619 916 677 972 post
685 917 803 974 acceptum
814 911 931 972 baptisma
941 912 993 958 sint
1002 911 1127 960 interemti.

189 988 240 1037 XV
297 989 379 1050 [xvu]
411 991 453 1036 De
479 991 567 1052 mnodo
582 989 654 1052 facta
681 990 710 1038 in
736 997 819 1052 campo
839 989 975 1054 Haettselda
996 990 1145 1054 praesidente

309 1054 478 1116 archiepiscopo
490 1053 616 1103 Theodoro.

182 1133 248 1182 XVI
295 1133 391 1194 [xvm]
422 1136 463 1183 De
484 1134 595 1182 Iohanne
614 1140 736 1184 cantatore
750 1137 809 1184 sede's
824 1136 966 1198 apostolieae,
986 1136 1030 1200 qni
1045 1142 1144 1199 propter

309 1198 437 1245 docmdum
449 1199 613 1246 Britanniam
625 1201 724 1248 uenerit.

176 1275 257 1324 XVII
295 1276 366 1337 [xlx]
405 1278 582 1340 VtEdiltltryd
593 1281 677 1340 regina
692 1279 759 1340 uirga
769 1285 884 1341 perpetua
895 1278 1145 1342 pemeanserit,cuius

311 1356 352 1387 nec
361 1348 446 1403 corpus
456 1342 484 1389 in
495 1349 649 1390 monumento
659 1345 782 1406 corrunzpe'
786 1344 900 1406 potuerit.

152 1480 155 1484 A
174 1421 269 1469 XVIII
296 1422 356 1483 [xx]
380 1423 596 1485 Hymnusdeilla.

161 1505 272 1558 XVIIH
294 1501 364 1563 [xxl]
403 1503 434 1550 Vt
448 1503 581 1551 Theodorus
590 1503 708 1566 episcopus
725 1503 790 1552 inter
798 1503 945 1568 Ecgy‘ridum
955 1508 978 1552 et
987 1503 1143 1553 Aedilredum

311 1581 374 1628 reges
381 1574 464 1628 pacem
468 1567 561 1629 fecerit.

192 1645 245 1693 XX
296 1645 381 1706 [xxn]
418 1647 449 1693 Vt
462 1647 563 1694 uincula
579 1646 706 1694 cuiusdam
720 1647 816 1709 captiui,
831 1653 944 1709 cumpro
955 1663 980 1695 eo
991 1647 1076 1694 aiassae
1087 1662 1142 1694 can·

313 1716 433 1768 tarentur,
447 1711 525 1758 soluta
535 1712 593 1759 sent.

186 1791 253 1838 XXI
297 1791 392 1852 [xxm]
425 1792 465 1840 De
474 1791 526 1838 uita
537 1792 633 1840 etobitu
643 1792 735 1840 Hildae
745 1791 878 1840 abbatissae.

176 1872 258 1921 XXII
297 1871 403 1934 [xx1111]
439 1872 509 1930 Quod
524 1873 552 1920 in
569 1873 711 1920 monasterio
727 1873 777 1919 eius
790 1871 873 1936 suerit
882 1871 967 1934 frater
990 1870 1031 1919 cui
1053 1872 1143 1918 donum

315 1937 419 1983 canendi
432 1937 464 1982 sit
473 1937 594 1984 diuinitus
604 1951 743 1984 concessum.

172 2014 269 2062 XXIII
303 2014 382 2074 [xxv]
418 2015 503 2073 Qualis
523 2016 584 2063 nisio
599 2016 697 2063 cuidam
714 2015 768 2062 uiro
784 2014 822 2062 dei
836 2015 983 2076 apparuerit,
997 2015 1144 2077 priusquam

314 2079 485 2126 monasterinm
500 2080 621 2127 Coludane
630 2080 697 2126 urbis
707 2087 763 2126 esset
773 2079 881 2126 incenaio
892 2085 1049 2127 consumtum.

165 2157 277 2206 XXIIII
296 2157 387 2218 [xxvl]
419 2158 459 2206 De
469 2164 543 2205 morte
552 2158 668 2222 Ecgsridi
677 2165 700 2206 et
709 2158 823 2206 Hlotkeri
832 2174 921 2220 regum.

183 2236 260 2285 XXV
298 2236 400 2297 [xxvn]
438 2238 470 2284 Vt
483 2237 527 2284 uir
540 2237 635 2285 damini
653 2238 768 2286 Cudberct
788 2237 821 2284 sit
835 2238 953 2299 episcopus
964 2236 1054 2298 faetus,
1074 2243 1146 2299 utque

315 2301 343 2348 in
360 2301 496 2348 monachica
507 2301 586 2348 adhuc
596 2303 648 2348 uita
655 2303 749 2364 positus
759 2302 851 2348 uixerit
860 2302 900 2348 uel
908 2301 1019 2350 docuerit.

172 2380 278 2430 XXVI·
296 2380 410 2441 [xxvnl]
447 2381 479 2427 Vt
488 2381 548 2427 mern
559 2381 587 2428 in
598 2381 651 2427 uita
662 2381 809 2428 anchoretica
820 2386 841 2427 et
847 2380 943 2442 sontem
954 2380 983 2428 de
991 2387 1073 2427 arente
1082 2385 1146 2427 terra

314 2445 406 2492 oranda
413 2445 558 2506 produxerit
566 2450 589 2492 et
597 2451 690 2507 segetem
705 2444 733 2492 de
745 2445 824 2492 labore
837 2459 957 2492 manuum
973 2445 1041 2491 ultra
1055 2449 1147 2506 tempus

315 2509 411 2556 seruedi
420 2509 537 2571 aarum

169 2589 276 2637 XXVII
304 2589 395 2650 [xxlx]
434 2588 465 2636 Vt
475 2589 536 2636 edem
547 2589 598 2636 iam
608 2586 726 2650 spiscopus
736 2588 824 2636 obitum
834 2603 907 2636 seeum
912 2587 1147 2652 proxinnfictumem

317 2653 455 2700 Heribercto
465 2653 605 2701 anchomtae
610 2653 765 2714 prunnon.

158 2730 279 2780 XXVIII
301 2731 382 2792 [xxx]
420 2732 450 2780 Vt
464 2740 550 2795 corpus
564 2733 696 2796 illiuspost
711 2733 741 2780 xi
761 2748 839 2780 annos
855 2733 990 2795 sepedturae
1004 2733 1037 2780 sit
1051 2739 1148 2794 corrup·

317 2797 390 2843 tunes
405 2796 507 2844 inmune
522 2805 648 2859 repertum,
668 2811 711 2844 uec
728 2797 803 2844 multo
811 2804 867 2859 past
880 2812 994 2845 sencessor
1007 2797 1150 2860 episcopatus

317 2860 368 2907 eius
383 2860 413 2908 de
427 2861 518 2908 mundo
528 2862 661 2911 transterit.

148 2936 285 2988 XXVIIII
302 2939 394 3001 [xxxl]
432 2941 463 2988 Vt
471 2942 571 3004 quidam
583 2942 618 2990 ad
626 2941 735 2989 tumbam
745 2941 796 2989 eius
806 2941 839 2989 sit
847 2957 864 2990 u
870 2941 985 3004 paralysi
992 2947 1101 2991 sanatus.

191 3021 270 3072 XXX
301 3021 406 3133 [xxtzltll
433 3021 581 3070 Vtalterad
588 3023 702 3087 reliquias
711 3024 762 3071 eius
773 3031 851 3086 nuper
852 3023 934 3086 suerit
943 3023 974 3072 ab
985 3024 1151 3094 amlilangore

317 3101 364 3134 cur
388 3101 424 3137 us.

247 3226 257 3302 ἰ
268 3225 407 3328 ἓὶιᾳηωὲἰιὶεε
415 3225 440 3268 of
445 3239 457 3269 c
465 3237 517 3267 xxm
525 3225 567 3267 and
576 3236 613 3276 xv,
623 3236 662 3266 xvs
671 3225 689 3266 is
697 3224 812 3266 numbered
821 3235 879 3276 xnu,
889 3235 937 3266 xvu
946 3231 1027 3272 nete.
