2592 3834
181 266 219 337 >8
331 251 617 328 coiuxrxarxrrorv
636 278 683 326 or
704 279 780 326 aaa
802 278 1027 328 ernarrrn.
1112 261 1171 342 [W

181 425 284 465 eorum
308 405 339 464 in
364 405 537 466 memoriam
560 405 649 466 futuri
671 405 770 465 iudicii
792 417 920 479 reuocet,
945 417 979 466 ut
1003 405 1168 483 superbiam

183 521 284 562 eorum
299 503 422 579 dissipet
441 513 471 562 et
490 504 646 561 conturbet
665 502 828 574 audaciam,
843 503 965 562 reducto
983 503 1021 562 ad
1040 513 1170 562 mentem

182 599 335 659 tremendo
353 599 403 657 illo
418 610 549 680 tempore
565 599 686 673 quando
702 597 765 674 ipse
784 597 872 664 caelis
890 617 925 656 ac
946 597 1027 657 terris
1047 597 1171 657 ardenti-

88 713 91 721 ·
182 697 238 754 bus
252 706 392 754 uenturus
406 693 495 754 estin
508 693 681 753 nubibus-in
696 704 841 769 potestate
855 713 961 770 magna
974 704 1004 752 et
1018 692 1169 768 maiestate

182 793 221 852 ad
248 791 421 852 iudicandos
447 791 533 850 uiuos
561 801 590 849 et
617 801 757 850 mortuos.
803 801 923 866 propter
950 792 1048 865 quod'
1074 790 1170 867 inquit
1203 808 1218 867 5

182 891 314 963 ‘oportet
336 907 391 946 nos
413 885 608 946 admonitioni
628 885 691 945 eius
710 885 829 945 caelesti
849 885 950 945 debito
972 905 1040 943 cum
1066 885 1170 946 timore

181 994 211 1042 et
232 1002 331 1041 amore
358 983 554 1058 respondere,
583 992 624 1052 ut,
647 981 763 1057 quoties
786 999 853 1039 aere
874 990 1024 1039 commoto
1049 999 1168 1039 manum

181 1081 265 1157 quasi
285 1066 329 1138 ad
344 1079 508 1138 feriendum
526 1078 665 1137 minitans
687 1079 778 1138 exerit
798 1097 853 1138 nee
872 1080 971 1137 adhuc
988 1091 1087 1138 tamen
1107 1097 1170 1154 per·

180 1174 262 1246 cutit,
278 1193 348 1233 mox
361 1173 540 1250 inploremus
555 1173 617 1232 eius
635 1173 864 1232 misericordiam
884 1184 913 1232 et
931 1173 1069 1233 discussis
1082 1192 1170 1249 pene·

178 1268 299 1326 tralibus
322 1267 419 1326 cordis
441 1266 532 1326 nostri
554 1278 642 1343 atque
670 1267 834 1344 expurgatis
858 1267 995 1327 uitiorum
1019 1267 1169 1326 ruderibus
1182 1286 1218 1324 10

180 1362 305 1437 solliciti,
320 1385 358 1424 ne
372 1384 513 1440 umquam
528 1363 641 1440 percuti
655 1383 826 1436 mereamur,
842 1365 980 1440 agamus'

239 1459 389 1520 Conuenit
412 1471 509 1517 autem
532 1458 703 1518 reuelationi
724 1470 753 1518 et
775 1459 909 1518 relationi
929 1457 1051 1534 praefati
1073 1457 1166 1538 fratris

179 1556 216 1615 de
237 1556 322 1615 obitu
342 1554 427 1616 huius
447 1554 583 1612 antistitis
604 1554 692 1613 etiam
712 1573 808 1612 sermo
828 1553 1054 1612 reuerentissimi
1078 1555 1166 1630 patris

179 1643 395 1726 Ergbercti'de
416 1669 476 1725 quo
497 1669 584 1725 supra
603 1649 738 1721 diximus,
761 1648 945 1725 quidudum
966 1669 1034 1708 cum
1059 1650 1165 1708 eodem

179 1748 302 1807 Ceadda
320 1748 509 1806 adulescente
526 1757 556 1804 et
578 1746 642 1822 ipse
659 1747 831 1805 adulescens
853 1745 884 1804 in
901 1745 1046 1805 Hibernia
1068 1767 1168 1806 mona·
1184 1762 1215 1818 15

179 1842 293 1901 chicam
308 1841 338 1900 in
353 1841 531 1901 orationibus
551 1853 580 1901 et
599 1841 781 1900 continentia
801 1853 830 1901 et
848 1841 1039 1902 meditatione
1058 1843 1168 1903 diuina-

179 1952 243 1998 rum
270 1937 475 2012 scripturarum
501 1936 592 1995 uitam
620 1938 740 1996 sedulus
773 1939 886 2013 agebat.
929 1939 982 1997 sed
1010 1939 1061 1998 illo
1089 1951 1167 2015 post,

128 2106 131 2110 A
181 2035 303 2093 modum
316 2032 440 2109 patriam
459 2053 578 2093 reuerso
598 2032 661 2110 ipse
681 2033 849 2110 peregrinus
868 2053 922 2110 pro
939 2034 1060 2095 domino
1073 2055 1166 2113 nsque

180 2130 219 2188 ad
232 2119 323 2188 finem
336 2127 414 2186 uitae
427 2127 593 2204 permansit
637 2148 707 2187 cum
720 2147 789 2204 ergo
806 2128 920 2188 ueniret
939 2129 977 2187 ad
997 2149 1063 2188 eum
1077 2131 1167 2206 longo

178 2229 247 2302 post
265 2237 397 2301 ternpore
415 2225 507 2301 gratia
519 2217 693 2286 uisitationis
708 2228 745 2285 de
761 2225 901 2285 Brittania
911 2225 956 2284 uir
969 2226 1166 2286 sanctissimus
1181 2248 1217 2286 20

180 2334 210 2382 et
231 2323 501 2382 continentissimus
523 2324 671 2382 uocabulo
698 2324 838 2399 Hygbald
867 2323 917 2398 qui
939 2333 1000 2382 erat
1023 2325 1114 2382 abbas
1136 2323 1166 2381 in

179 2419 330 2496 prouincia
354 2419 490 2491 Lindissi,
514 2430 543 2478 et
564 2430 597 2478 ut
617 2430 735 2478 sanctos
756 2419 881 2478 decebat
900 2421 939 2478 de
957 2419 1017 2478 uita
1038 2419 1166 2494 priorum

179 2523 295 2589 patrum
308 2531 472 2572 sermonem
493 2515 623 2573 facerent
639 2525 729 2589 atque
747 2514 824 2572 hano
842 2513 981 2572 aemulari
995 2515 1165 2588 gauderent,

179 2606 336 2666 interuenit
349 2606 459 2666 mentio
480 2607 706 2668 reuerentissimi
727 2607 863 2668 antistitis
882 2608 1012 2680 Ceadda,
1034 2607 1166 2684 dixitque

180 2703 344 2778 Ecgberct:
377 2702 457 2762 ‘scio
480 2704 632 2762 hominem
659 2703 690 2761 in
715 2703 771 2762 hac
794 2702 888 2762 insula
909 2704 1007 2762 adhuc
1029 2703 1060 2761 in
1080 2723 1166 2762 carne
1181 2721 1215 2779 ²5

178 2808 348 2857 manentem
376 2799 436 2874 qui,
466 2819 534 2857 cum
560 2799 606 2857 uir
632 2798 680 2858 ille
707 2800 745 2858 de
776 2799 888 2858 mundo
922 2797 1064 2870 transiret,
1092 2797 1167 2858 uidit

180 2893 308 2951 animam
322 2892 419 2953 Ceddi
431 2894 525 2952 fratris
540 2893 631 2970 ipsius
646 2913 713 2953 cum
728 2893 844 2970 agmine
862 2895 1033 2968 angelorum
1048 2893 1167 2952 descen-

179 2990 249 3049 dere
271 2990 309 3050 de
333 2990 417 3049 caelo
439 3000 468 3048 et
490 2991 626 3048 adsumta
642 3009 742 3049 secum
765 2989 862 3048 anima
882 2991 943 3049 eius
968 2990 1006 3047 ad
1030 2989 1167 3048 caelestia

179 3103 269 3160 regna
282 3084 393 3144 redire?
435 3085 515 3159 quod
529 3095 625 3144 utrum
640 3086 678 3144 de
693 3103 724 3144 se
743 3103 781 3143 an
797 3085 835 3144 de
856 3085 914 3142 alio
933 3085 1033 3161 aliquo
1047 3083 1164 3156 diceret,

180 3178 267 3238 nobis
289 3190 389 3238 manet
410 3178 562 3251 incertum,
591 3181 663 3238 dum
692 3189 791 3239 tamen
814 3180 873 3238 hoc
895 3179 975 3254 quod
998 3188 1095 3238 tantus
1123 3178 1167 3238 uir
1180 3207 1218 3263 30

180 3274 253 3334 dixit
267 3274 336 3350 quia
349 3283 450 3334 uerum
466 3274 503 3334 sit
517 3295 581 3336 esse
595 3295 657 3335 non
670 3276 762 3351 possit
775 3275 926 3334 incertum.

239 3371 322 3432 Obiit
341 3384 440 3432 autem
460 3373 583 3433 Ceadda
601 3383 682 3431 sexto
703 3372 751 3433 die
769 3391 913 3432 nonarum
932 3372 1114 3446 Martiarum,
1137 3383 1167 3432 et

380 3513 419 3555 gg
471 3488 625 3538 ¹iudicims.
723 3486 874 3538 ”utetms
