2592 3834
186 248 223 305 62
356 260 474 309 Krasos
492 256 680 307 sronnrcr
695 255 779 305 ΑΜ)
799 255 1006 305 soronam
1115 235 1182 318 [ΙΙΙ

185 408 306 451 suorum
330 408 420 448 manu
441 386 572 448 interfici.
615 398 698 447 erant
721 398 820 447 autem
842 388 904 447 duo
925 377 1057 470 germani
1079 387 1183 446 fratres

185 484 237 562 qui
257 485 314 545 hoc
335 484 447 543 facinus
467 494 617 560 patrarunt
627 504 636 556 ;
664 482 806 560 quicum
826 483 1071 561 interrogarentur
1090 500 1183 559 quare

184 582 243 640 hoc
256 581 391 653 facerent,
412 579 454 640 nil
471 578 553 638 aliud
570 581 749 657 respondere
767 589 935 656 potuerunt,
952 578 1009 637 nisi
1023 578 1062 639 ob
1076 580 1134 637 hoc
1148 596 1182 637 se

184 678 272 740 iratos
289 670 377 736 luisse
391 687 421 737 et
434 675 570 736 inimicos
588 675 658 752 regi,
678 677 762 752 quod
778 677 828 735 ille
846 675 972 735 nimium
986 674 1045 734 suis
1061 693 1183 750 parcere

185 776 292 833 soleret
308 771 434 831 inimicis
453 782 483 831 et
500 772 592 830 factas
611 772 648 831 ab
667 772 710 831 eis
731 771 851 831 iniurias
870 790 941 829 mox
959 769 1182 831 obsecrantibus
1215 794 1230 852 5

183 868 300 945 placida
321 879 420 945 mente
445 866 618 927 demitteret
663 867 728 927 talis
750 879 811 927 erat
838 869 926 943 culpa
949 866 1024 942 regis
1044 884 1099 942 pro
1121 885 1183 942 qua

183 964 374 1037 occideretur,
400 964 482 1040 quod
505 962 677 1039 euangelica
699 973 856 1041 praecepta
879 964 990 1021 deuoto
1012 962 1102 1020 corde
1124 979 1183 1019 ser-

184 1071 284 1121 uaret:
304 1060 336 1119 in
357 1080 416 1137 qua
436 1070 536 1119 tamen
557 1060 620 1119 eius
641 1071 736 1119 morte
756 1058 876 1119 innoxia
896 1059 977 1117 iuxta
996 1056 1182 1133 praedictum

165 1150 238 1216 'uiri
260 1156 310 1217 dei
334 1177 403 1217 uera
424 1167 469 1216 est
490 1156 554 1216 eius
575 1157 663 1231 culpa
684 1155 796 1232 punita
837 1156 979 1216 habuerat
1000 1155 1081 1215 enim
1102 1174 1181 1214 unus

184 1274 220 1313 ex
237 1254 282 1313 his
304 1253 442 1331 quicum
463 1252 635 1313 occiderunt
653 1252 811 1312 comitibus
833 1251 978 1312 inlicitum
998 1252 1179 1328 coniugium,
1191 1276 1232 1331 ¹10

181 1353 266 1427 quod
280 1370 349 1409 cum
363 1349 519 1427 episcopus
538 1350 693 1427 prohibere
712 1361 742 1408 et
760 1349 903 1427 corrigere
922 1369 983 1410 non
1001 1342 1111 1427 posset,
1131 1371 1181 1410 ex-

183 1446 413 1508 communicauit
440 1466 509 1506 eum
536 1458 625 1523 atque
654 1446 792 1506 omnibus
819 1447 871 1523 qui
891 1466 923 1507 se
943 1448 1045 1508 audire
1068 1449 1181 1508 uellent

182 1544 331 1621 praecepit
353 1563 391 1603 ne
415 1544 538 1603 domurn
562 1543 629 1609 eius,
653 1542 794 1602 intrarent
817 1564 916 1619 neque
939 1546 978 1605 de
1002 1544 1075 1605 cibis
1102 1544 1181 1604 illius

182 1642 356 1719 acciperent
399 1639 557 1700 contemsit
579 1651 679 1701 autem
706 1660 757 1699 rex
783 1652 982 1717 praeceptum,
1008 1654 1038 1701 et
1060 1655 1180 1718 rogatus

182 1758 200 1799 a
213 1738 322 1798 comite
335 1737 453 1797 intrauit
469 1740 637 1813 epulaturus
656 1739 780 1797 domum
798 1738 869 1799 eius
913 1736 965 1813 qui
980 1757 1048 1796 cum
1062 1739 1180 1812 abisset,
1197 1761 1230 1819 15

182 1836 315 1897 obuiauit
338 1836 366 1896 ei
390 1835 519 1907 antistes
544 1845 574 1894 at
594 1854 646 1895 rex
666 1834 785 1895 intuens
807 1855 876 1895 eum
900 1854 972 1894 mox
992 1838 1181 1897 tremefactus

182 1934 300 1994 desiluit
330 1954 409 2010 equo
436 1933 602 2009 ceciditque
629 1944 698 1993 ante
726 1934 818 2009 pedes
846 1932 909 1992 eius
936 1932 1054 1991 ueniam
1081 1945 1181 1993 reatus

182 2033 341 2107 postulans
384 2046 453 2089 nam
472 2041 502 2089 et
520 2029 678 2106 episcopus
695 2029 802 2106 pariter
819 2029 946 2102 desiluit,
967 2031 1082 2089 sederat
1098 2031 1180 2089 enim

181 2138 211 2187 et
226 2126 289 2202 ipse
302 2126 333 2184 in
348 2144 434 2201 equo,
476 2124 565 2184 iratus
584 2136 683 2184 autem
703 2124 797 2201 tetigit
815 2144 914 2201 regem
933 2126 1079 2186 iacentem
1097 2126 1180 2205 uirga
1280 2163 1282 2216 Ι

183 2242 272 2299 quam
300 2223 419 2282 tenebat
446 2241 536 2280 manu
560 2233 590 2281 et
612 2221 773 2297 pontificali
801 2223 973 2283 auctoritate
1000 2235 1179 2300 protestatus
1196 2246 1232 2282 20
1280 2219 1282 2301 l

183 2320 269 2379 ‘dico
284 2319 354 2379 tibi'
368 2319 463 2395 inquit
479 2318 564 2395 ‘quia
583 2317 703 2378 noluisti
720 2331 750 2378 te
768 2318 919 2380 continere
932 2339 951 2377 a
964 2321 1058 2380 domu
1070 2322 1180 2397 perditi

182 2428 212 2476 et
226 2415 358 2475 damnati
371 2416 456 2488 illius,
472 2428 504 2475 tu
518 2416 548 2475 in
562 2416 625 2492 ipsa
639 2417 731 2476 domu
748 2417 824 2477 mori
839 2418 949 2477 habes)
990 2419 1043 2477 sed
1057 2421 1179 2479 creden-

183 2514 255 2573 dum
270 2523 314 2572 est
332 2512 402 2589 quia
420 2513 485 2572 talis
504 2533 582 2573 mors
599 2512 654 2572 uiri
671 2513 799 2590 religiosi
817 2534 877 2574 non
897 2515 993 2574 solum
1012 2517 1100 2574 talem
1119 2519 1179 2575 cul-

182 2627 252 2685 pam
267 2609 390 2681 diluerit,
407 2610 458 2668 sed
473 2609 562 2668 etiam
578 2608 715 2667 meritum
729 2609 793 2668 eius
806 2610 935 2669 auxerit:
956 2610 1026 2687 quia
1039 2610 1179 2681 nimirum

183 2706 222 2764 ob
242 2723 360 2763 causam
378 2703 503 2779 pietatis,
519 2703 589 2781 quia
606 2705 956 2780 propter'obseruantiam
971 2708 1176 2767 mandatorum
1195 2722 1229 2780 ²5
1280 2723 1282 2780 j

184 2800 292 2863 Christi
307 2800 437 2877 contigit.
1280 2791 1282 2878 Ι

243 2896 390 2958 Successit
416 2907 515 2956 autern
543 2895 694 2973 Sigbercto
717 2896 749 2956 in
771 2916 895 2975 regnum
922 2897 1075 2959 Suidhelm
1101 2899 1178 2961 filius
1280 2881 1282 2954 l

178 2996 339 3079 *Sexbaldir
357 2994 408 3071 qui
435 2994 598 3071 baptizatus
620 3005 665 3053 est
692 2996 729 3055 ab
757 2994 822 3071 ipso
845 2996 948 3056 Cedde
972 2995 1003 3053 in
1018 2996 1178 3079 ‚prouincia
1280 2999 1282 3030 ³

184 3093 377 3155 Orientalium
382 3093 546 3168 Anglorum
558 3090 588 3149 in
598 3090 667 3151 uico
677 3091 757 3167 regio
768 3092 820 3168 qui
830 3091 937 3151 dicitur
947 3095 1176 3169 Rendlaesham‚
1280 3081 1282 3156 Ῑ

183 3191 214 3249 id
236 3201 280 3248 est
302 3188 416 3248 mansio
440 3186 579 3259 Rendili;
610 3187 796 3264 suscepitque
818 3208 887 3247 eum
908 3191 1118 3249 ascendentem
1138 3193 1177 3251 de
1193 3211 1231 3267 30
1280 3245 1282 3264 ,

182 3286 264 3343 fonte
288 3295 388 3343 sancto
409 3283 568 3343 Aediluald
589 3304 639 3343 rex
660 3284 750 3360 ipsius
769 3283 865 3359 gentis
885 3284 1078 3345 Orientalium
1099 3289 1179 3364 Ang-
1280 3299 1282 3326 ²

184 3384 279 3442 lorum
293 3382 379 3440 trater
392 3382 480 3439 Anna
494 3379 569 3457 regis
583 3382 754 3441 eorundem.

377 3491 514 3543 'selerne
574 3516 575 3521 =
677 3490 697 3523 ¹²
713 3494 923 3542 excotmnonicauit
938 3509 984 3543 ms.
