2592 3834
153 219 310 302 (25)=‘23]
387 239 561 288 naamam
582 239 631 287 or
650 239 791 290 corani
816 239 910 290 Vnus
1087 240 1140 298 ¹45

152 365 250 426 illam!
292 376 321 426 et
337 365 455 443 signans
476 385 508 425 se
524 365 609 442 signo
627 378 747 428 sanctae
765 366 860 426 crucis
878 365 1031 438 reclinauit
1054 377 1144 442 caput

152 462 192 520 ad
206 461 339 534 ceruical,
354 461 565 537 modicumque
578 461 769 521 obdormiens
783 461 824 520 ita
838 480 907 520 cum
921 460 1037 521 silentio
1051 460 1143 520 uitam

65 585 73 605 x
152 557 255 616 finiuit
298 557 399 634 sicque
422 559 533 621 lactum
557 568 601 618 est
623 568 666 631 ut,
692 559 844 634 quomodo
866 556 991 634 simplici
1013 576 1049 618 ac
1070 576 1144 635 pura

153 663 252 711 mente
273 653 487 729 tranquillaque
511 652 671 712 deuotione
690 651 812 713 domino
831 651 977 725 seruieral,
994 651 1036 711 ita
1054 650 1143 711 etiam

15 795 23 800 .
122 763 139 821 5
153 748 308 825 tranquilla
320 760 414 808 morte
428 750 573 808 mundum
585 748 754 824 relinquens
768 750 808 808 ad
822 747 884 808 eius
898 746 1042 807 uisionem
1060 746 1141 806 ueni-

151 856 195 904 ret
208 843 317 921 illaque
331 845 438 922 lingua,
458 865 534 922 quae
553 854 597 904 tot
611 844 747 904 salutaria
760 845 851 904 uerba
864 844 895 903 in
909 845 1028 904 laudem
1043 844 1143 903 condi·

152 939 222 998 toris
244 950 458 1016 composuerat,
478 939 581 999 ultima
599 957 719 1016 quoque
742 941 833 1000 uerba
858 939 889 999 in
911 941 1029 999 laudam
1051 937 1142 1014 ipsius

152 1033 297 1110 signando
312 1053 376 1093 sese
390 1045 420 1093 et
434 1033 566 1110 spiritum
575 1054 662 1094 suum
672 1035 703 1094 in
714 1053 818 1093 manus
829 1033 891 1093 eius
902 1033 1142 1093 commendando

152 1132 318 1190 clauderet:
339 1129 390 1206 qui
413 1130 500 1190 etiam
521 1131 670 1206 praescius
694 1130 739 1190 sui
763 1129 861 1190 obitus
883 1129 1012 1189 extitisse
1037 1149 1074 1189 ex
1096 1129 1142 1188 his

47 1242 51 1246 ’
104 1245 139 1282 10
153 1245 228 1301 quae
242 1224 425 1283 narrauimus
440 1224 562 1284 uidetur.

593 1439 707 1523 [xxv]

159 1588 268 1711 HIS
298 1589 478 1666 temporibus
510 1588 723 1649 monasterium
749 1587 895 1666 uirginum
923 1589 1005 1665 quod
1034 1588 1149 1648 Coludi·

160 1758 161 1762 Ἰ
263 1686 374 1745 Vrbem
393 1685 613 1762 cognominant,
634 1685 718 1745 cuius
733 1695 762 1744 et
776 1704 863 1760 supra
881 1669 1077 1755 meminimus,¹
1091 1702 1144 1758 per

152 1782 271 1856 culpam
298 1779 427 1840 incuriae
453 1781 579 1840 flammis
605 1781 775 1841 absumtum
802 1791 854 1841 est.
897 1779 978 1856 quod
1002 1788 1102 1838 tamen
1126 1798 1144 1837 a

105 1892 137 1952 15
152 1875 262 1935 malitia
270 1874 498 1935 inhabitantium
511 1876 542 1934 in
556 1895 602 1949 eo,
614 1887 644 1935 et
655 1875 811 1952 praecipue
824 1874 940 1945 illorum
954 1873 1005 1951 qui
1019 1873 1143 1933 maiores

153 1992 217 2032 esse
244 1973 429 2045 uidebantur,
457 1971 623 2048 contigisse,
652 1991 756 2031 omnes
783 1970 834 2047 qui
861 1989 971 2030 nouere
1006 1968 1143 2029 facillime

140 2066 310 2144 ‘potuerunt
330 2069 491 2127 aduertere.
533 2069 587 2126 sed
604 2085 667 2126 non
684 2064 777 2125 defuit
796 2065 954 2141 puniendis
979 2063 1142 2124 admonitio

153 2163 270 2223 diuinae
296 2162 422 2240 pietatis
446 2183 505 2239 qua
531 2162 654 2223 correcti
677 2182 731 2239 per
750 2162 859 2222 ieiunia
880 2165 965 2223 fletus
990 2173 1020 2222 et
1040 2181 1143 2238 preces

150 2246 225 2318 iram
238 2280 257 2318 a
270 2279 302 2318 se
315 2259 407 2318 instar
420 2259 627 2318 Nineuitarum
640 2259 709 2318 iusti
722 2259 828 2319 iudicis
842 2269 1013 2318 auerterent

105 2376 142 2414 20
214 2355 284 2412 Erat
302 2373 431 2430 namque
450 2354 481 2412 in
502 2355 609 2414 eodem
627 2353 804 2422 monasterio
823 2353 868 2412 uir
886 2355 924 2412 de
940 2372 1046 2430 genere
1064 2353 1145 2412 Scot-

152 2460 250 2508 torum
269 2451 464 2509 Adamnanus
482 2452 638 2522 uocabulo,
657 2451 768 2510 ducens
791 2449 882 2509 uitam
906 2448 938 2509 in
959 2448 1143 2510 continentia

154 2557 183 2605 et
197 2546 378 2607 orationibus
392 2550 517 2608 multum
531 2551 589 2609 deo
603 2550 752 2620 deuotam,
767 2547 808 2605 ita
822 2557 855 2606 ut
868 2547 910 2606 nil
928 2565 1068 2622 umquam
1085 2545 1144 2604 cibi
1199 2592 1202 2602 .

153 2641 202 2700 uel
214 2652 305 2716 potus
318 2654 441 2719 excepta
455 2643 503 2703 die
518 2642 667 2703 dominica
681 2652 711 2702 et
725 2640 826 2719 quinta
845 2641 959 2701 sabbati
971 2639 1143 2717 perciperet,

153 2756 242 2812 saepe
256 2748 356 2796 autem
369 2749 472 2798 noctes
486 2740 611 2816 integras
624 2739 748 2816 peruigil
766 2739 797 2798 in
814 2739 946 2798 oratione
962 2737 1143 2814 transigeret.

84 2847 140 2910 ,25
155 2852 231 2909 quae
250 2834 371 2909 quidem
387 2834 429 2893 illi
450 2835 591 2895 districtio
611 2834 690 2894 uitae
708 2834 821 2894 artioris
844 2834 940 2910 primo
959 2853 996 2893 ex
1018 2832 1143 2892 necessi-

154 2938 214 2988 tate
236 2930 440 2990 emendandae
461 2950 529 2990 suae
545 2930 695 3007 prauitatis
714 2932 883 3003 obuenerat,
899 2931 952 2990 sed
965 2930 1144 3006 procedente

154 3036 293 3102 tempore
301 3026 506 3086 necessitatem
519 3027 551 3085 in
565 3027 810 3086 consuetudinem
824 3037 958 3086 uerterat.

215 3121 368 3199 Siquidem
381 3122 413 3181 in
426 3123 624 3182 adulescentia
638 3141 692 3182 sua
700 3121 818 3182 sceleris
827 3121 939 3198 aliquid
949 3118 1143 3192 commiserat,

156 3219 238 3294 quod
252 3215 442 3276 commissum
455 3216 506 3276 ubi
519 3220 558 3277 ad
576 3237 627 3276 cor
646 3237 733 3277 suum
751 3215 838 3276 rediit
855 3213 1024 3294 grauissime
1045 3215 1146 3273 exhor-

106 3315 220 3391 3oruit,
240 3325 270 3375 et
287 3333 319 3374 se
339 3333 393 3391 pro
415 3313 468 3373 illo
491 3314 674 3390 puniendum
696 3333 715 3374 a
737 3312 869 3376 districto
892 3311 991 3374 iudice
1013 3311 1143 3373 timebat.

547 3433 568 3467 ²²
582 3436 689 3486 XXIII
701 3451 745 3490 ms

237 3562 262 3604 a.
1032 3559 1067 3600 10
