2592 3834
174 232 213 307 58
245 248 405 297 arsnops.
441 245 681 297 cournnsronr
694 246 742 296 or
752 246 904 294 Minora
919 209 1078 295 moras
1096 225 1163 312 [111

174 377 362 453 Gyr'uiorum:
396 387 426 437 et
448 379 506 437 hoc
531 388 600 454 post
627 376 756 454 quinque
782 396 877 437 annos
904 377 949 437 sui
975 378 1164 455 episcopatus

173 474 289 533 dehac
312 473 374 533 uita
397 476 545 535 subtracto
568 472 758 550 Berctgilsum
785 474 960 551 cognomine
982 474 1164 535 Bonifatium

172 569 212 628 de
234 567 387 645 prouincia
410 568 633 629 Cantuariorum
661 571 728 630 loco
755 568 818 629 eius
845 559 1001 629 substituit.¹
1044 580 1074 629 et
1097 569 1163 648 ipse

173 683 292 741 quoque
314 664 466 724 Honorius
487 675 643 741 postquam
665 674 759 724 metas
780 663 826 724 sui
848 684 949 724 cursus
970 664 1101 741 inpleuit,
1125 685 1164 725 ex

173 762 229 820 hac
242 763 308 820 luce
321 750 455 838 migrauit
473 780 551 821 anno
570 763 608 820 ab
627 760 827 820 incarnatione
841 760 953 821 domini
970 760 1049 821 dcliii
1066 760 1164 838 pridie
1199 789 1215 847 5

173 859 363 917 kalendarum
382 857 564 931 Octobrium,
584 868 614 917 et
632 868 766 918 cessante
787 857 958 935 episcopatu
978 876 1164 934 perannum

173 964 203 1013 et
227 972 278 1013 sex
298 973 415 1014 menses
437 955 545 1013 electus
564 966 609 1013 est
629 952 866 1031 archiepiscopus
887 954 1044 1014 cathedrae
1067 957 1166 1015 Doru-

172 1050 323 1111 uemensis
348 1062 446 1111 sextus
469 1052 633 1111 Deusdedit
661 1052 699 1111 de
725 1061 813 1127 gente
835 1050 1070 1112 occidentalium
1092 1053 1167 1111 Sari«

173 1167 284 1223 onum:
319 1166 408 1224 quem
428 1148 613 1209 ordinaturus
633 1146 716 1207 uenit
735 1146 805 1206 illuc
825 1147 956 1207 Ithamar
973 1147 1095 1207 antistes
1116 1168 1165 1209 ec-

136 1318 139 1325 ,
173 1242 279 1302 clesiae
302 1242 464 1303 Hrolensis·
506 1243 658 1303 'ordinatus
682 1252 726 1303 est
752 1253 852 1302 autem
873 1242 922 1302 die
944 1242 1036 1302 uiimo
1062 1243 1167 1303 kalen·
1182 1268 1219 1305 10

172 1340 276 1397 darum
296 1339 440 1414 Aprilium
460 1350 491 1400 et
512 1338 586 1399 rexit
606 1338 761 1400 ecclesiam
782 1358 877 1422 annos
898 1338 960 1398 uiiii
980 1358 1097 1399 menses
1118 1338 1165 1400 iiii

172 1447 203 1497 et
216 1438 292 1497 duos
310 1436 373 1497 dies
383 1458 392 1511 ;
411 1447 442 1497 et
458 1437 522 1514 ipse
541 1437 681 1497 defuncto
703 1436 833 1495 Ithamar
850 1434 1032 1495 consecravit
1051 1454 1103 1512 pro
1124 1456 1166 1497 eo

174 1532 353 1593 Damianum
377 1531 428 1609 qui
449 1532 487 1592 de
508 1551 614 1610 genere
640 1530 822 1591 Australium
848 1533 996 1592 Saxonum
1021 1542 1082 1592 erat
1106 1532 1165 1592 ori·

172 1629 276 1690 undus

622 1984 699 2042 XXI
1180 1913 1287 2066 15ἱ

180 2162 288 2329 HIS
306 2162 486 2268 temporibus
506 2160 700 2237 Middilangli,
720 2160 752 2220 id
769 2173 814 2221 est
834 2160 1041 2222 Mediterranei
1062 2148 1162 2239 Angli,

273 2260 327 2318 sub
346 2256 477 2334 principe
496 2257 595 2317 Peada
613 2256 674 2315 filio
689 2256 812 2317 Pendau
830 2255 904 2334 regis
922 2258 1012 2315 fidem
1025 2266 1056 2315 et
1069 2276 1165 2317 sacra·

173 2364 255 2413 ment
255 2374 274 2413 a
286 2352 415 2415 ueritatis
428 2362 628 2430 perceperunt
668 2352 719 2429 qui
732 2372 800 2412 cum
814 2364 890 2414 esset
903 2352 1018 2413 iuuenis
1031 2354 1163 2431 optimus

172 2468 209 2507 ac
229 2448 305 2525 regis
332 2448 452 2510 nomine
472 2469 508 2508 ac
532 2467 658 2525 persona
685 2447 880 2525 dignissimus,
904 2451 1049 2525 praelatus
1074 2462 1120 2512 est
1143 2474 1164 2513 a

172 2556 254 2622 patre
271 2565 363 2622 regno
380 2545 474 2622 gentis
491 2545 568 2605 illius
586 2544 726 2621 uenitque
739 2546 777 2603 ad
791 2564 889 2621 regem
903 2546 1164 2624 Nordanhymbro
1177 2573 1218 2610 20

173 2658 238 2698 rum
252 2639 354 2713 Osuiu,
373 2642 524 2717 postulans
542 2639 631 2700 filiam
651 2639 712 2699 eius
729 2640 913 2699 Alchfledam
929 2639 985 2699 sibi
1003 2640 1162 2719 coniugem

173 2733 254 2794 dari:
276 2754 372 2812 neque
386 2735 469 2795 aliter
483 2736 563 2813 quod
583 2738 704 2813 petebat
717 2735 861 2812 inpetrare
879 2736 983 2812 potuit,
1000 2736 1057 2797 nisi
1070 2740 1162 2800 fidem

173 2832 282 2894 Christi
291 2852 327 2891 ac
338 2830 483 2909 baptisma
496 2851 564 2890 cum
576 2842 664 2907 gente
679 2830 726 2890 cui
739 2841 871 2907 praeerat
884 2830 1037 2909 acciperet
1066 2842 1098 2891 at
1111 2830 1161 2894 ille

172 2928 273 2988 audita
289 2925 505 3003 praedicatione
523 2926 654 2985 ueritatis
670 2936 700 2986 et
716 2924 910 3003 promissione
927 2925 1009 3003 regni
1027 2927 1162 2988 caelestis

174 3044 283 3101 speque
310 3021 526 3083 resurrectionis
545 3041 582 3081 ac
601 3024 713 3082 futurae
733 3020 956 3095 inmortalitatis,
983 3021 1107 3082 libenter
1128 3043 1161 3084 se
1176 3052 1192 3089 2
1197 3049 1215 3109 5

173 3120 371 3182 Christianum
392 3118 454 3178 fieri
471 3119 547 3178 uelle
565 3120 716 3179 consessus
734 3127 787 3191 est,
807 3116 921 3177 etiamsi
937 3117 1161 3194 uirginemnon

172 3216 334 3294 acciperet:
353 3234 507 3292 persuasus
525 3215 653 3275 maxime
670 3217 709 3275 ad
727 3214 946 3291 percipiendam
964 3215 1053 3274 fidem
1066 3234 1085 3272 a
1097 3217 1161 3277 filio

172 3311 247 3389 regis
262 3310 356 3373 Osuiu
372 3311 493 3370 nomine
508 3310 669 3383 Alchfrido,
688 3310 740 3387 qui
760 3320 822 3370 erat
839 3321 981 3387 cognatus
999 3320 1029 3371 et
1046 3310 1160 3375 amicus

236 3456 258 3491 ²¹
274 3457 312 3507 uia'
320 3472 375 3508 corr
385 3456 411 3507 in
421 3457 460 3507 iiii
468 3472 513 3507 ms.
599 3454 621 3488 ⁹³
636 3458 747 3521 acceperat
756 3472 801 3506 ms.
887 3453 909 3490 ²⁷
924 3462 1036 3521 acceperet
1044 3472 1089 3509 ms.
