2592 3834
177 211 214 269 18
317 274 319 278 ,
458 227 607 278 srnraou
627 228 675 279 or·
691 227 867 278 bunnam
1054 210 1166 294 [rasar-

215 212 234 268 8

193 365 201 387 ‘
216 354 490 480 PRESBYTER
502 355 552 415 hic
565 356 648 416 Beda
661 355 825 434 requiescit,
839 373 927 418 carne
941 360 1088 435 sepultus:

285 452 373 524 dona,
390 452 515 524 Christe,
529 452 660 512 animam
673 452 703 512 in
718 454 808 513 caelis
821 456 949 530 gaudere
962 474 1016 532 per
1027 474 1143 529 aeuum,

211 547 308 624 daque
322 546 404 606 illum
417 546 539 624 sophiae
551 548 678 608 debriari
691 550 783 622 sonte,
797 548 845 608 cui
859 549 918 609 iam

210 643 367 722 suspirauit
380 663 482 718 ouans,
496 643 611 704 intento
625 663 742 722 semper
753 647 872 705 amore!

230 795 304 871 §63
346 795 495 856 Poteritne
518 796 579 854 ulla
601 794 792 855 excusatione
815 777 865 854 hic
887 793 984 872 pudor
1006 795 1163 869 extenuari,
1199 813 1216 872 5

86 962 90 970 ⁴
171 899 204 950 ut
217 910 274 951 nec
289 891 321 950 in
337 909 374 950 eo
390 889 576 963 monasterio,
591 890 642 949 ubi
663 890 714 950 illo
735 889 855 949 uiuente
876 891 966 950 totius
986 890 1164 951 litteraturae

171 987 321 1046 exultabat
332 984 524 1064 gymnasium,
539 984 668 1061 potuerit
681 983 806 1044 inueniri
819 985 911 1044 homo
925 983 976 1062 qui
992 987 1164 1046 memoriam

171 1083 233 1144 eius
246 1082 384 1144 formaret
396 1082 453 1144 nisi
466 1083 534 1143 exili
548 1094 578 1143 et
592 1082 750 1143 miserabili
763 1083 852 1144 stilo?

624 1305 704 1364 XIV

1294 1386 1295 1412 l

140 1460 146 1465 ·
172 1429 313 1557 ANNO
346 1447 392 1492 mr
424 1433 507 1512 regni
540 1432 673 1494 eiusdem
710 1430 846 1514 [Egsridi]
879 1444 966 1494 natus
1003 1444 1048 1494 est
1082 1433 1163 1493 Beda
1180 1459 1217 1498 10

273 1548 445 1606 magnus...
487 1530 562 1590 haec
581 1541 681 1589 autem
701 1549 777 1605 quae
798 1530 906 1606 scripta
925 1541 993 1590 sunt
1017 1549 1054 1590 ex
1077 1531 1163 1590 dictis

170 1625 332 1686 beatissimi
346 1628 445 1686 Bedae
458 1625 665 1701 excerpsimus.
707 1623 764 1684 iam
782 1638 877 1685 ratum
891 1626 1008 1687 uidetur
1020 1637 1052 1686 ut
1069 1629 1107 1686 de
1125 1646 1162 1687 eo

170 1722 243 1799 quid
270 1723 432 1798 loquamur,
461 1721 680 1782 reminiscentes
709 1723 880 1782 memoriam
912 1723 1073 1783 sanctitatis
1100 1723 1163 1784 eius

171 1829 201 1880 et
218 1818 325 1895 gratias
345 1818 373 1878 ei
392 1820 547 1880 reserentes
567 1836 622 1895 pro
642 1815 702 1877 suis
725 1819 881 1879 laboribus.

637 2041 697 2100 xv
1177 2067 1215 2126 15

225 2176 316 2236 NNO
349 2184 449 2234 autem
481 2169 649 2230 dominicae
683 2169 890 2230 incarnationis
924 2170 1163 2231 dccxxxu...illa

274 2269 414 2331 ecclesiae
441 2266 602 2326 catholicae
633 2267 753 2324 lucerna
780 2267 818 2324 ad
846 2286 911 2325 eam
939 2287 1015 2344 quae
1042 2287 1074 2327 se
1100 2268 1163 2327 illu·

171 2369 334 2429 minauerat
354 2367 458 2435 lucem,
480 2362 530 2420 illa
549 2380 628 2419 uena
647 2379 742 2436 aquae
761 2361 891 2420 salientis
912 2360 942 2419 in
963 2361 1054 2421 uitam
1073 2371 1164 2421 aeter-

170 2485 241 2525 nam
261 2463 300 2522 ad
323 2463 435 2520 fontem
459 2457 561 2516 uiuum
588 2458 678 2516 deum
706 2457 848 2532 peruenit,
877 2477 1024 2518 sacrorum
1052 2457 1162 2517 scilicet

171 2561 310 2621 librorum
343 2554 524 2632 compositor
557 2553 732 2613 uenerabilis
758 2555 909 2630 presbyter
936 2567 966 2614 et
999 2558 1162 2616 monachus
1176 2579 1216 2617 20

172 2659 262 2730 Beda,
284 2657 440 2716 defunctus
461 2670 541 2711 anno
561 2650 665 2710 aetatis
687 2670 757 2710 suae
778 2650 1020 2728 quinquagesimo
1042 2673 1159 2714 nono...

171 2756 223 2834 qui
236 2751 375 2814 uidelicet
389 2749 470 2808 Beda
487 2748 518 2806 in
537 2758 667 2806 extremo
681 2745 801 2822 quidem
820 2749 924 2807 mundi
936 2751 1044 2824 angulo
1058 2750 1162 2810 uiuens

172 2853 264 2926 latuit,
278 2850 332 2910 sed
350 2856 418 2925 post
431 2855 556 2904 mortem
569 2863 622 2920 per
634 2843 785 2903 uniuersas
799 2844 902 2904 mundi
915 2857 1010 2920 partes
1025 2846 1162 2906 omnibus

172 2948 204 3007 in
219 2946 298 3008 libris
317 2943 376 3004 suis
393 2940 496 3000 uiuens
514 2938 661 2998 innotuit:
681 2939 711 2996 in
726 2938 832 3014 quibus
845 2951 985 2998 terrarum
999 2940 1162 3016 regionum-

172 3064 232 3123 que
261 3043 441 3104 diuersarum
468 3036 541 3098 situs
568 3047 685 3095 naturas
714 3033 867 3111 qualitates
894 3036 1046 3110 subtiliter,
1073 3056 1110 3095 ac
1136 3036 1161 3096 si
1177 3058 1214 3120 ²5

116 3167 120 3171 .
219 3194 349 3246 ⁹Simeon
361 3189 535 3241 Dunelmensis
545 3189 577 3238 de
586 3188 662 3252 gestis
673 3203 758 3252 regum
769 3185 907 3251 Anglorum
919 3187 1117 3253 MHBp65ol’.
1217 3219 1220 3225 -

220 3259 242 3356 i:
258 3256 390 3372 pdsessdffl
400 3318 509 3371 Dunelm
520 3317 594 3367 ecclt
609 3332 638 3377 14
651 3315 677 3379 (p
689 3316 864 3378 SaTwysden.
892 3316 919 3364 cl
927 3317 952 3364 ib
964 3318 1060 3380 8p4b.
1094 3319 1161 3368 idem

173 3387 237 3453 epist
257 3387 291 3435 ad
312 3385 446 3449 Hugonem
464 3383 496 3431 de
515 3382 666 3456 arclriepisco
685 3381 706 3428 is
729 3379 798 3428 Ebor
816 3380 841 3428 ib
862 3379 902 3429 col
922 3380 951 3444 2⁷6
971 3393 1008 3444 77.
1050 3382 1160 3432 'lbomas
1199 3429 1201 3436 ,

174 3451 267 3507 stubbs
278 3457 346 3499 actus
356 3449 441 3514 pontif
448 3448 546 3497 Eborac
557 3446 584 3495 rb
595 3445 634 3494 col
648 3396 708 3508 1g95
723 3442 802 3508 1696).
