2592 3834
169 226 222 295 Ῑ64
411 236 459 285 or
480 235 556 285 rna
576 236 708 285 assur
723 236 892 286 uramus,
998 219 1149 302 [enarrer

161 385 279 426 uersum
293 365 357 442 ipse
370 365 514 426 sollertius
527 368 567 426 ad
580 367 769 442 exsequenda
787 386 822 426 ea
841 385 917 443 quae
935 367 1016 427 bona
1035 385 1071 426 ac
1090 368 1149 427 deo

158 461 252 537 digna
273 480 337 520 esse
365 460 537 537 cognouerit
560 463 737 521 accenditur.
776 464 858 538 quod
871 463 967 538 ipsum
982 472 1014 522 tu
1029 483 1149 540 quoque

162 556 384 633 uigilantissime
403 557 627 633 deprehendens
647 557 798 617 historiam
819 569 1011 617 memoratam
1031 558 1062 617 in
1076 558 1150 618 noti·

162 652 233 712 tiam
254 652 307 711 tibi
328 652 473 728 simulque
494 653 536 712 eis
556 653 664 729 quibus
686 664 715 711 te
737 652 870 728 regendis
894 653 995 712 diuina
1012 654 1150 731 praefecit

162 747 326 821 auctoritas,
347 748 387 806 ob
404 747 547 824 generalis
567 767 667 808 curam
688 748 787 807 salutis
807 747 893 807 latius
912 750 1057 826 propalari
1077 750 1150 810 desi·
1183 770 1198 829 5

162 845 254 903 deras
308 838 316 855 ‘

221 942 263 998 Vt
276 951 373 999 autem
387 939 418 998 in
431 939 476 999 his
491 960 567 1018 quae
581 940 683 1016 scripsi
697 941 745 1000 uel
759 939 812 1000 tibi
826 943 875 1001 uel
891 942 994 1002 ceteris
1012 943 1150 1003 auditori-

161 1039 216 1096 bus
241 1036 303 1096 siue
330 1037 501 1098 lectoribus·
514 1037 600 1098 huius
624 1036 762 1096 historiae
786 1037 972 1098 occasionem
997 1039 1149 1098 dubitandi

120 1204 126 1215 Ι
162 1136 337 1208 subtraham,
352 1134 458 1210 quibus
472 1137 546 1194 haec
559 1135 687 1194 maxime
701 1136 868 1195 auctoribus
883 1135 1036 1195 didicerim
1056 1135 1150 1194 breui·

163 1243 206 1307 ter
232 1231 365 1290 intimare
393 1233 510 1321 curabp.
553 1242 657 1290 auctor
689 1243 759 1290 ante
786 1251 890 1290 omnes
918 1242 1008 1307 atque
1034 1231 1150 1291 adiutor
1165 1266 1200 1304 10

162 1328 295 1405 opusculi
312 1328 398 1388 huius
415 1329 540 1388 Albinus
558 1328 636 1387 abba
649 1327 899 1387 reuerentissimus
920 1327 965 1386 uir
982 1347 1035 1404 per
1050 1326 1150 1387 omnia

162 1423 348 1484 doctissimus
369 1424 463 1483 extitit
469 1445 477 1496 3
498 1423 548 1499 qui
568 1422 599 1481 in
620 1423 744 1483 ecclesia
764 1422 988 1482 Cantuariorum
1008 1443 1026 1481 a
1046 1424 1149 1482 beatae

162 1520 320 1580 memoriae
353 1521 513 1580 Theodoro
540 1519 761 1595 archiepiscopo
795 1530 825 1578 et
856 1518 1011 1578 Hadriano
1041 1521 1149 1579 abbate

162 1616 231 1675 uiris
251 1617 470 1676 uenerabilibus
490 1628 581 1691 atque
602 1614 804 1674 eruditissimis
825 1613 981 1688 institutus
997 1615 1151 1690 diligenter

163 1713 269 1784 omnia,
292 1732 368 1788 quae
388 1711 420 1770 in
439 1711 504 1787 ipsa
524 1709 748 1770 Cantuariorum
769 1709 920 1786 prouincia
937 1711 985 1769 uel
1007 1711 1096 1769 etiam
1118 1711 1149 1770 in
1165 1740 1198 1797 15

163 1807 306 1883 contiguis
320 1807 417 1866 eidem
431 1804 600 1881 regionibus
612 1824 631 1862 a
644 1803 794 1881 discipulis
807 1804 887 1863 beati
904 1824 998 1884 papae
1018 1806 1149 1883 Gregorii

161 1915 244 1980 gesta
263 1905 351 1976 luere,
365 1905 414 1962 uel
434 1901 623 1961 monimentis
642 1902 802 1962 litterarum
824 1903 872 1961 uel
895 1903 1044 1961 seniorum
1065 1904 1150 1964 tradi·

163 1999 243 2059 tione
263 2010 452 2075 cognouerat,
474 2009 504 2057 et
524 2017 560 2056 ea
581 1997 653 2056 mihi
675 1998 714 2057 de
736 1997 781 2056 his
803 2017 878 2073 quae
901 1999 1043 2057 memoria
1062 2001 1150 2076 digna

162 2095 337 2155 uidebantur
350 2113 402 2170 per
419 2093 585 2169 religiosum
604 2091 822 2152 Lundoniensis
844 2095 984 2154 ecclesiae
1004 2097 1150 2172 presbyte-

163 2210 226 2249 mm
244 2194 445 2263 Nothelmum‚
462 2190 524 2250 siue
540 2191 642 2250 litteris
661 2183 801 2250 inandata
815 2191 876 2250 siue
890 2190 979 2267 ipsius
997 2193 1149 2252 Nothelmi
1163 2219 1200 2256 20

162 2287 231 2346 uiua
250 2307 326 2347 uoce
348 2288 509 2359 referenda,
532 2286 696 2345 transmisit
739 2286 789 2362 qui
811 2285 949 2346 uidelicet
973 2289 1149 2348 Nothelmus

161 2396 265 2459 postea
279 2386 407 2443 Romam
423 2383 545 2446 ueniens
566 2385 722 2442 nonnullas
743 2383 784 2442 ibi
803 2383 883 2443 beati
904 2385 1035 2460 Gregorii
1054 2405 1149 2461 papae

162 2481 247 2541 simul
268 2492 299 2540 et
318 2481 443 2540 aliorum
465 2479 637 2556 pontificum
660 2479 796 2557 epistulas
817 2493 997 2556 perscmtato
1018 2481 1150 2541 eiusdem

162 2589 280 2636 sanctae
301 2577 442 2636 ecclesiae
463 2578 617 2634 Romanae
635 2575 742 2634 scrinio
761 2575 903 2652 permissu
922 2576 985 2635 eius
1003 2577 1054 2654 qui
1070 2597 1150 2637 nunc

162 2672 218 2749 ipsi
231 2673 372 2732 ecclesiae
385 2683 500 2748 praeest
514 2672 646 2747 Gregorii
660 2672 807 2748 pontificis
825 2672 944 2746 inuenit,
959 2693 1149 2750 reuersusque
1163 2699 1199 2756 ²5
1249 2659 1254 2666 ’

163 2773 249 2834 nobis
275 2785 392 2832 nostrae
418 2771 557 2830 historiae
583 2771 755 2832 inserendas
782 2791 850 2832 cum
877 2772 1001 2832 consilio
1028 2773 1149 2849 praelati

161 2868 262 2928 Albini
275 2865 500 2927 reuerentissimi
514 2866 602 2942 patris
616 2867 728 2926 adtulit.
771 2888 789 2926 a
802 2867 945 2944 principio
959 2867 1058 2944 itaque
1069 2869 1150 2928 uolu-

163 2964 249 3025 minis
275 2964 361 3024 huius
381 2984 475 3040 usque
499 2965 538 3022 ad
562 2975 679 3040 tempus
702 2985 761 3041 quo
782 2985 854 3040 gens
877 2966 1039 3040 Anglorum
1060 2967 1149 3024 fidem

164 3060 271 3121 Christi
284 3062 415 3138 percepit
433 3081 470 3120 ex
486 3060 614 3137 priorum
630 3062 758 3121 maxime
779 3061 893 3138 scriptis
913 3062 982 3119 hinc
1002 3061 1071 3121 inde
1092 3063 1150 3121 col-

163 3157 245 3216 lectis
260 3177 295 3216 ea
309 3176 384 3232 quae
398 3176 598 3232 promeremus
612 3156 777 3216 didicimus.
821 3157 926 3217 exinde
943 3167 1041 3234 autem
1055 3176 1149 3233 usque
1162 3177 1202 3233 30

162 3254 200 3312 ad
214 3263 348 3329 tempora
367 3253 539 3329 praesentia,
561 3273 637 3329 quae
657 3253 688 3312 in
710 3255 833 3316 ecclesia
854 3254 1078 3316 Cantuariomm
1098 3273 1151 3330 per

163 3348 321 3426 discipulos
335 3349 414 3409 beati
431 3369 527 3427 papae
546 3349 679 3426 Gregorii
700 3349 762 3409 siue
784 3369 965 3410 successores
987 3368 1087 3409 eorum
1101 3351 1151 3409 uel

165 3447 219 3506 sub
233 3445 338 3522 quibus
355 3446 470 3524 regibus
489 3457 572 3524 gesta
591 3446 658 3522 sint,
681 3446 834 3508 memorati
854 3446 968 3506 abbatis
989 3444 1088 3504 Albini
1109 3444 1151 3504 in·
