2592 3834
181 248 220 323 38
423 259 687 309 ranmsarrroro
706 258 753 307 oF
770 257 933 307 osWAan.
1047 279 1049 282 -
1105 236 1175 319 [111

181 390 334 467 spicerent,
343 390 479 465 sugerunt
489 388 566 448 foras
576 386 618 445 nil
628 385 742 446 ardenti
752 385 855 445 domui
869 396 898 445 et
908 383 1085 461 iamiamque
1095 386 1177 463 peri·

181 499 263 546 turae
284 486 425 562 prodesse
446 484 587 543 ualentes.
630 494 806 559 consumpta
834 501 902 559 ergo
929 481 1021 541 domu
1044 482 1176 541 flammis

180 593 266 659 posta
280 581 466 642 solummodo
485 580 516 639 in
535 600 593 657 qua
611 581 707 657 puluis
725 581 775 640 ille
793 578 922 639 inclusus
940 579 1090 656 pendebat
1108 590 1177 639 tuta

181 680 219 739 ab
241 677 357 755 ignibus
385 687 414 737 et
437 675 548 737 intacta
574 676 723 736 remansit.
765 696 825 752 qua
850 675 915 735 uisa
941 674 1047 735 uirtute
1074 674 1176 734 mirati

181 785 250 833 sunt
276 773 373 845 ualde,
399 782 428 832 et
449 772 651 848 perquirentes
679 771 812 832 subtilius
839 770 1015 830 inuenerunt
1039 768 1109 845 quia
1134 771 1176 829 de
1210 795 1224 852 5

181 872 232 931 illo
253 872 321 931 loco
341 871 514 946 adsumptus
536 880 596 929 erat
623 869 720 945 puluis
741 867 793 929 ubi
813 866 888 945 regis
909 864 1033 928 Osualdi
1053 866 1176 942 sangnis

181 969 274 1025 fuerat
289 966 403 1024 effusus.
445 964 551 1041 quibus
565 964 718 1041 patefactis
732 982 768 1023 ac
782 961 938 1023 diffamatis
951 962 1039 1039 longe
1052 962 1176 1037 lateque

181 1061 326 1122 miraculis
344 1059 427 1121 multi
445 1080 497 1138 per
516 1060 579 1121 dies
596 1062 697 1120 locum
715 1062 898 1135 frequentare
916 1058 999 1116 illum
1018 1067 1047 1117 et
1066 1058 1176 1118 sanita-

181 1172 244 1221 tum
259 1158 299 1219 ibi
313 1159 435 1236 gratiam
449 1178 553 1236 capere
567 1158 622 1241 sibi
637 1158 756 1235 suisque
769 1167 937 1234 coeperunt

650 1380 697 1438 XI
1191 1396 1225 1435 ιο

188 1536 336 1658 INTER
351 1554 427 1610 quae
438 1550 623 1608 nequaquam
639 1530 755 1591 silentio
769 1531 1013 1607 praetereundum
1023 1548 1089 1589 reor
1098 1527 1175 1605 quid

260 1629 373 1689 uirtutis
391 1648 427 1687 ac
445 1626 575 1686 miraculi
593 1627 727 1686 caelestis
745 1626 831 1686 fuerit
849 1637 1008 1698 ostensum,
1023 1644 1091 1683 cum
1105 1642 1176 1684 ossa

182 1726 244 1785 eius
272 1723 393 1784 inuenta
418 1731 509 1799 atque
532 1723 571 1782 ad
595 1720 751 1781 ecclesiam
774 1720 885 1797 inqua
911 1740 993 1779 nunc
1019 1729 1175 1779 seruantur

182 1820 322 1879 translata
346 1828 420 1877 sunt
463 1818 572 1875 sactum
595 1827 639 1876 est
662 1828 761 1876 autem
782 1817 840 1876 hoc
861 1835 914 1892 per
934 1814 1108 1875 industriam
1128 1833 1175 1873 re·

181 1915 267 1992 ginae
289 1912 468 1975 Merciorum
490 1914 665 1990 Osthrydae,
681 1931 757 1989 quae
777 1923 839 1971 erat
859 1909 917 1970 filia
936 1909 1030 1969 fratris
1052 1908 1123 1981 eius,
1141 1909 1175 1968 id
1190 1930 1222 1989 15

183 2022 227 2071 est
242 2012 336 2073 Osuiu
350 2011 400 2089 qui
414 2022 482 2089 post
495 2011 577 2070 illum
590 2010 673 2087 regni
686 2009 802 2086 apicem
816 2009 944 2081 tenebat,
958 2006 1035 2066 utin
1050 2024 1175 2081 sequen·

182 2108 260 2167 tibus
275 2107 414 2167 dicemus.

244 2207 297 2263 Est
317 2203 526 2264 monasterium
550 2202 651 2263 nobile
672 2202 703 2261 in
725 2199 877 2279 prouincia
898 2199 1027 2260 Lindissi
1049 2200 1174 2261 nomine
1277 2217 1278 2266 ξ

184 2300 366 2370 Beardaneu,
388 2300 470 2375 quod
490 2300 594 2359 eadem
617 2298 718 2374 regina
744 2316 812 2356 cum
838 2295 903 2356 uiro
931 2315 985 2356 suo
1010 2297 1175 2357 Aedilredo
1277 2343 1278 2352 ,

182 2397 307 2455 multum
322 2394 461 2472 diligebat
474 2396 669 2454 uenerabatur
687 2394 849 2467 excolebat,
868 2392 898 2452 in
912 2411 972 2469 quo
986 2393 1174 2453 desiderabat
1187 2411 1225 2449 20
1277 2419 1278 2422 ¹

183 2492 356 2551 honoranda
382 2489 477 2568 patrui
507 2488 551 2549 sui
585 2508 653 2548 ossa
678 2490 836 2551 recondere
847 2509 856 2563 ;
889 2508 1016 2565 cumque
1042 2490 1175 2549 uenisset

183 2606 297 2645 carrum
310 2585 341 2644 in
355 2605 414 2663 quo
433 2585 538 2645 eadem
557 2603 624 2644 ossa
640 2585 824 2644 ducebantur
842 2584 1032 2643 incumbente
1050 2602 1175 2660 uespera

183 2680 214 2738 in
228 2679 436 2739 monasterium
450 2680 620 2757 praelatum,
633 2680 791 2738 noluerunt
804 2698 840 2738 ea
853 2679 903 2754 qui
917 2688 999 2739 erant
1012 2678 1043 2737 in
1056 2696 1175 2739 monas·
1277 2735 1279 2750 ,

183 2774 256 2835 terio
276 2774 401 2835 libenter
423 2774 574 2852 excipere;
602 2776 671 2851 quia
690 2776 745 2835 etsi
768 2786 903 2835 sanctum
925 2797 994 2837 eum
1016 2788 1172 2849 nouerant,
1277 2759 1279 2786 ⁵

183 2882 283 2931 tamen
311 2871 380 2948 quia
403 2874 441 2932 de
465 2870 523 2930 alia
549 2871 702 2948 prouincia
727 2883 808 2933 ortus
834 2875 928 2933 suerat
949 2885 979 2935 et
1005 2892 1093 2951 super
1120 2892 1173 2935 eos
1187 2886 1222 2945 25

183 2988 306 3046 regnum
324 2978 488 3053 acceperat,
510 2968 657 3027 ueteranis
674 2988 742 3027 eum
761 2968 838 3029 odiis
857 2970 946 3029 etiam
964 2982 1113 3031 mortuum
1131 2970 1173 3031 in·

184 3064 388 3140 sequebantur.
430 3060 509 3121 unde
527 3062 635 3121 factum
657 3074 701 3122 est
720 3075 753 3123 ut
772 3064 836 3140 ipsa
855 3076 944 3124 nocte
963 3064 1105 3140 reliquiae
1123 3066 1174 3125 ad·
1238 3114 1245 3131 .

183 3162 260 3220 latae
281 3160 350 3220 soris
371 3168 584 3238 permanerent,
602 3159 728 3219 tentorio
746 3170 861 3220 tantum
877 3161 988 3221 maiore
1007 3180 1095 3237 supra
1112 3182 1173 3222 car-

183 3276 247 3316 rum
261 3256 292 3315 in
306 3276 366 3333 quo
380 3254 494 3315 inerant
509 3264 635 3314 extenso.
679 3256 731 3314 sed
747 3255 878 3315 miraculi
894 3254 1027 3316 caelestis
1041 3258 1173 3319 ostensio

184 3360 272 3429 quam
291 3361 457 3411 reuerenter
472 3368 526 3410 eae
543 3349 746 3425 suscipiendae
759 3370 779 3409 a
791 3352 904 3411 cunctis
922 3352 1059 3412 fidelibus
1073 3365 1173 3414 essent
1185 3366 1224 3422 30

351 3470 354 3477 '
435 3460 637 3511 ⁸solummodum
648 3477 695 3511 ms.
722 3464 868 3512 solummodo
878 3462 919 3515 C¹.

1276 3547 1278 3586 l
