2592 3834
120 198 210 279 '168
350 234 563 285 canonican
586 233 636 285 oa
657 233 774 284 curan
789 227 945 282 aarum
1110 209 1143 291 [v

150 367 261 429 litteras
271 385 325 428 rex
338 366 496 428 Brittaniae
509 367 619 427 Lucius
637 368 757 427 mittens
774 376 807 426 ut
821 362 1004 427 Christianus
1018 363 1144 424 efficere·

150 474 198 524 tur
209 463 294 541 petiit
307 475 337 525 et
350 463 516 540 inpetrauit.

211 562 302 619 Anno
325 560 364 620 ab
382 558 584 619 incarnatione
604 558 718 619 domini
739 558 886 618 clxxxuiiii
907 561 1033 619 Seuerus
1052 556 1143 634 impe·

150 666 229 716 rator
239 657 333 716 sactus
346 656 406 714 xuii
419 655 504 716 annis
517 657 660 734 regnauit,
675 657 727 734 qui
746 657 919 716 Brittaniam
938 657 1017 715 uallo
1038 656 1141 715 amari

150 771 244 828 usque
257 753 295 812 ad
309 772 389 812 mare
402 753 588 830 praecincxit
1175 766 1191 824 5

210 849 300 908 Anno
318 849 450 908 ccclxxxi
467 849 616 909 Maximus
633 849 664 909 in
684 847 826 909 Brittania
843 859 958 909 creatus
983 846 1142 925 imperator

149 942 182 1002 in
192 943 318 1004 Galliam
332 944 444 1004 transiit
458 955 488 1005 et
501 945 675 1006 Gratianum
688 945 843 1005 interfecit.

209 1043 300 1100 Anno
320 1041 452 1101 ccccuiiii
470 1045 568 1102 Roma
584 1063 604 1102 a
624 1042 731 1103 Gothis
751 1044 850 1114 fracta,
872 1060 909 1101 ex
928 1060 989 1117 quo
1009 1049 1142 1118 tempore

150 1136 280 1196 Romani
294 1136 324 1195 in
339 1137 481 1196 Brittania
493 1158 614 1215 regnare
627 1146 785 1198 cessarunt·

209 1234 299 1292 Anno
313 1252 442 1292 ccccxxx
455 1233 602 1294 Palladius
615 1235 654 1293 ad
668 1236 784 1294 Scottos
802 1230 833 1292 in
855 1231 1003 1292 Christum
1022 1231 1143 1291 creden·
1157 1247 1192 1285 10

150 1336 195 1388 tes
207 1347 227 1388 a
240 1329 408 1389 Caelestino
422 1349 499 1405 papa
512 1328 621 1405 primus
634 1328 759 1388 mittitur
772 1327 936 1404 episcopus

150 1521 311 1599 suscipiens
323 1521 364 1581 uii
385 1522 469 1581 annis
490 1521 597 1580 tenuit:
618 1537 743 1596 quorum
763 1527 894 1594 tempore
915 1518 1004 1595 Angli
1024 1539 1043 1578 a
1063 1520 1141 1578 Bret-

150 1619 269 1678 tonibus
282 1618 411 1678 arcessiti
426 1617 597 1677 Brittaniam
611 1617 752 1676 adierunt

209 1717 299 1774 Anno
333 1715 464 1777 dxxxuiii
496 1715 611 1791 eclipsis
643 1714 713 1774 solis
739 1715 817 1774 sacta
844 1726 888 1776 est
911 1712 973 1774 xiiii
997 1713 1140 1774 kalendas
1156 1726 1189 1783 15

150 1815 273 1876 Martias
288 1817 326 1875 ab
340 1816 412 1873 hora
425 1811 520 1889 prima
533 1829 625 1886 usque
638 1810 678 1870 ad
691 1810 814 1870 tertiam.

208 1915 299 1970 Anno
318 1911 368 1968 dxl
386 1906 511 1984 eclypsis
532 1906 600 1966 solis
617 1907 693 1964 sacta
710 1905 749 1964 xii
769 1905 911 1966 kalendas
931 1905 1031 1979 Iulias,
1046 1916 1077 1966 et
1090 1923 1140 1982 ap-

148 2016 305 2086 paruerunt
319 2005 419 2064 stellae
434 2021 510 2078 pene
523 2001 597 2061 hora
609 2000 732 2060 dimidia
745 2001 784 2060 ab
798 2002 870 2060 hora
886 2001 944 2061 diei
958 2001 1049 2061 tertia.

208 2106 298 2163 Anno
315 2099 407 2161 dxluii
428 2101 484 2159 Ida
503 2118 622 2174 regnare
642 2097 781 2174 coepit‚a
801 2117 861 2174 quo
882 2099 985 2174 regalis
1006 2099 1140 2158 Nordan-

148 2199 337 2276 hymbrorum
355 2196 491 2273 prosapia
509 2194 652 2272 originem
672 2205 761 2270 tenet,
783 2206 813 2255 et
832 2195 872 2255 xii
892 2195 976 2256 annis
997 2195 1029 2256 in
1048 2215 1139 2273 regno
1153 2213 1190 2252 20

90 2316 92 2319 ·
148 2294 314 2372 permansit

208 2393 298 2450 Anno
318 2391 388 2449 dlxu
408 2390 555 2450 Columba
574 2391 726 2465 presbyter
748 2389 787 2449 de
808 2389 921 2451 Scottia
940 2391 1023 2450 uenit
1037 2390 1139 2450 Britta-

148 2487 227 2546 niam
241 2490 278 2547 ad
293 2488 445 2548 docendos
459 2486 558 2546 Pictos
572 2485 646 2545 etin
659 2486 755 2545 insula
769 2487 823 2546 Hii
837 2488 1046 2547 monasterium
1060 2487 1137 2548 fecit.

207 2588 297 2644 Anno
318 2585 405 2644 dxcui
430 2583 587 2660 Gregorius
610 2602 688 2660 papa
709 2583 788 2643 misit
810 2584 980 2644 Brittaniam
1004 2582 1140 2660 Augusti·

147 2701 219 2740 num
237 2701 306 2739 curn
322 2681 483 2754 monachis,
498 2680 549 2757 qui
567 2682 692 2740 uerbum
711 2680 759 2740 dei
777 2681 858 2757 genti
875 2682 1038 2758 Anglorum
1051 2700 1139 2740 enan·
1152 2695 1187 2755 25

146 2778 313 2856 gelizarent.

206 2878 296 2935 Anno
320 2873 418 2933 dxcuii
445 2892 554 2933 uenere
581 2871 754 2932 Brittaniam
781 2873 903 2951 praefati
924 2875 1069 2947 doctores,
1087 2875 1138 2951 qui

146 2971 306 3031 seirannus
320 2971 386 3047 plus
401 2968 497 3028 minus
511 2970 538 3027 cl
552 2970 699 3030 aduentus
712 2972 875 3047 Anglorum
890 2969 920 3028 in
935 2971 1115 3031 Brittaniam.

206 3069 295 3126 Anno
312 3065 361 3126 dci
376 3065 455 3125 misit
477 3085 554 3142 papa
572 3065 730 3143 Gregorius
747 3065 868 3142 pallium
890 3066 1062 3126 Brittaniam
1078 3071 1138 3127 Au-

145 3163 263 3240 gustino
289 3162 349 3222 iam
372 3164 449 3221 iacto
477 3160 617 3238 episcopo
641 3175 672 3222 et
698 3163 796 3239 plures
821 3161 904 3222 uerbi
926 3161 1084 3238 ministros,
1105 3164 1137 3224 in
1150 3176 1208 3234 30-

146 3259 254 3336 quibus
268 3271 297 3319 et
312 3259 477 3319 Paulinum.

205 3358 295 3416 Anno
310 3355 378 3416 dciii
392 3365 554 3432 pugnatum
567 3355 605 3416 ad
620 3358 820 3433 Degsastanae.

337 3450 360 3485 ¹⁴
374 3453 470 3501 arcesiti
478 3468 524 3504 ms.
787 3449 809 3483 ¹⁶
824 3455 882 3500 ’κᾶν
892 3465 939 3502 ms,
