2592 3834
128 256 160 337 5]
276 274 495 323 Jurruxucn
519 274 567 322 ox
583 273 754 323 Araxius
770 274 963 324 Examen.
1082 273 1118 332 27

125 404 268 465 tinentiae
290 404 401 465 clericis
424 408 591 481 exemplum
614 404 752 481 reliquit3
785 404 869 464 cuius
896 402 1061 465 doctrinam
1088 401 1119 460 id

126 501 254 560 maxime
270 502 500 560 commendabat
513 501 661 573 omnibus,
681 502 763 577 quod
785 520 847 559 non
866 502 951 561 aliter
968 520 1057 577 quam
1077 499 1120 559 ui-

125 599 216 657 uebat
246 616 314 655 cum
341 596 400 655 suis
427 596 490 673 ipse
518 597 654 655 docebat.
703 597 746 655 nil
781 599 861 657 enim
894 598 983 657 buius
1014 595 1119 655 mundi

126 714 266 770 quaerere
279 694 321 752 nil
335 713 432 752 amare
446 696 574 752 curabat.
617 704 725 753 cuneta
739 714 816 770 quae
830 695 886 754 sibi
904 715 922 754 a
938 695 1054 771 regibus
1069 696 1119 753 uel

97 790 268 853 Sdiuitibus
292 790 401 850 saeculi
425 791 612 850 donabantur
638 810 709 850 mox
735 791 914 867 pauperibus
942 792 992 866 qui
1020 810 1119 850 occur·

125 896 222 944 rerent
243 904 362 961 erogare
382 886 536 961 gaudebat
581 885 743 945 discurrere
763 904 816 962 per
835 896 942 943 cuncta
959 894 989 943 et
1006 886 1119 943 urbana

125 993 155 1040 et
182 981 293 1040 rustica
318 984 386 1040 loea
408 1000 469 1041 non
496 1000 641 1057 equomm
670 982 760 1041 dorso
785 983 838 1041 sed
865 981 975 1057 pedum
1002 979 1120 1039 incessu

125 1089 237 1149 uectus,
257 1078 313 1136 nisi
335 1077 359 1136 si
380 1077 474 1136 maior
493 1079 567 1137 forte
588 1078 750 1138 necessitas
768 1078 968 1155 compulisset,
986 1078 1119 1151 solebat;

126 1175 264 1249 quatinus
289 1174 467 1257 ubicumque
485 1174 600 1251 aliquos
618 1178 676 1235 uel'
687 1174 795 1234 diuites
813 1176 862 1235 uel
880 1194 1023 1251 pauperes
1042 1172 1119 1232 ince

80 1273 201 1331 rodens
222 1273 393 1349 aspexisset,
413 1272 569 1331 confestim
590 1274 629 1333 ad
656 1273 711 1332 hos
739 1272 896 1343 diuertens,
918 1274 967 1331 uel
991 1272 1030 1331 ad
1049 1270 1119 1329 fidei

91 1354 94 1361 ¹
126 1368 333 1443 suscipiendae
352 1380 569 1427 sacramentum
590 1368 615 1427 si
631 1368 767 1427 infideles
786 1379 883 1427 essent
902 1367 1047 1439 inuitaret,
1069 1366 1119 1425 uel

126 1463 152 1521 si
180 1465 293 1536 fideles,
321 1464 352 1522 in
379 1464 443 1540 ipsa
470 1484 522 1523 eos
546 1466 605 1524 fide
629 1466 810 1523 confortaret
836 1474 926 1539 atque
952 1464 990 1521 ad
1019 1462 1119 1522 elimo

125 1578 213 1634 synas
227 1579 410 1636 operumque
426 1562 573 1620 bonorum
588 1561 810 1620 exsecutionem
825 1571 854 1620 et
867 1560 966 1621 uerbis
978 1561 1123 1620 excitaret

125 1666 155 1711 et
169 1654 264 1715 factis.
814 1648 816 1654 ’
1023 1647 1026 1651 ’
1129 1654 1139 1668 ’

79 1778 110 1836 15
186 1753 223 1809 In
246 1760 361 1810 tantum
381 1760 480 1809 autem
500 1750 563 1809 uita
581 1751 660 1810 illius
680 1770 698 1809 a
718 1750 810 1810 nostri
830 1749 971 1827 temporis
995 1747 1120 1825 segnitia

125 1846 255 1905 distabat
268 1857 301 1904 ut
315 1864 419 1905 omnes
434 1846 484 1921 qui
503 1865 571 1904 cum
591 1864 627 1905 eo
646 1846 828 1904 incedebant
847 1844 911 1903 siue
929 1843 1046 1902 adtonsi
1065 1860 1118 1901 seu

125 1946 194 2005 laici
211 1945 348 2005 meditari
368 1947 521 2018 deberent,
546 1946 577 2005 id
596 1956 641 2005 est
664 1958 716 2005 aut
737 1945 871 2023 legendis
896 1943 1043 2021 scripturis
1067 1953 1119 2001 aut

125 2041 247 2119 psalmis
265 2040 414 2100 discendis
435 2060 555 2117 operam
574 2042 652 2101 dare.
693 2043 752 2099 hoc
767 2051 827 2099 erat
841 2039 1023 2098 cotidianum
1043 2057 1118 2113 opus

125 2140 202 2197 illius
227 2147 258 2197 et
282 2137 414 2196 omnium
439 2137 489 2213 qui
513 2157 580 2195 cum
605 2156 641 2197 eo
670 2149 752 2197 erant
777 2136 957 2211 ubicumque
984 2136 1117 2194 locorum

80 2258 114 2295 20
126 2234 324 2296 deuenissent
367 2244 397 2293 et
415 2234 439 2293 si
456 2235 530 2293 forte
549 2234 704 2305 euenisset,
719 2234 800 2309 quod
815 2244 915 2292 tamen
928 2250 994 2290 raro
1009 2230 1117 2301 euenit,

119 2332 158 2390 'ut
174 2329 213 2389 ad
229 2329 306 2405 regis
325 2328 495 2408 conuiuium
515 2340 677 2401 uocaretur,
697 2328 825 2388 intrabat
844 2346 911 2385 cum
930 2346 992 2385 uno
1011 2326 1118 2386 clerico

126 2438 178 2487 aut
192 2426 311 2486 duobus
332 2436 369 2497 et,
392 2425 444 2484 ubi
460 2426 613 2501 paululum
631 2425 822 2498 reficiebatur,
842 2422 1019 2483 adcelerauit
1036 2424 1118 2485 ocius

126 2522 165 2581 ad
189 2523 350 2598 legendum
374 2540 442 2580 cum
469 2522 529 2581 suis
553 2521 615 2581 siue
642 2522 681 2580 ad
705 2522 848 2579 orandum
876 2521 982 2596 egredi.
1035 2520 1118 2582 cuius

126 2618 269 2694 exemplis
297 2616 444 2675 informati
472 2628 605 2693 tempore
632 2616 684 2676 illo
710 2616 838 2693 religiosi
865 2617 974 2693 quique
1002 2616 1056 2676 uiri
1083 2636 1119 2677 ac

78 2731 112 2790 25
126 2713 255 2773 feminae
268 2710 516 2771 consuetudinem
534 2714 665 2771 fecerunt
683 2731 736 2788 per
752 2723 848 2771 totum
861 2731 981 2783 annum,
997 2722 1119 2787 excepta

126 2809 299 2869 remissione
324 2808 584 2885 quinquagesimae
611 2808 767 2885 paschalis,
795 2807 850 2865 iiiia
878 2819 908 2867 et
931 2807 975 2866 uia
1003 2807 1118 2867 sabbati

125 2906 269 2965 ieiunium
296 2906 334 2963 ad
361 2921 471 2962 nonam
498 2922 591 2979 usque
619 2905 723 2962 horam
749 2905 903 2979 protelare.
954 2921 1118 2977 numquam

37 3012 39 3018 '
126 3001 268 3061 diuitibus
290 2999 410 3059 honoris
432 2998 494 3059 siue
517 2999 629 3058 timoris
652 2998 745 3076 gratia
768 2999 793 3059 si
820 3019 879 3075 qua
906 2998 1118 3075 delinquissent

125 3096 276 3167 reticebat,
305 3097 358 3154 sed
382 3113 485 3171 aspera
506 3095 572 3153 illos
600 3094 769 3161 inuectione
794 3094 964 3169 corrigebat.
1005 3095 1117 3153 nullam

79 3210 114 3264 30
125 3194 299 3269 potentibus
326 3191 435 3250 saeculi
461 3190 624 3267 pecuniam,
647 3203 769 3268 excepta
792 3194 888 3251 solum
909 3209 977 3251 esca
997 3188 1022 3249 si
1042 3210 1117 3267 quos

125 3290 256 3367 hospitio
277 3287 461 3364 suscepisset,
476 3300 626 3363 'umquam
647 3289 717 3347 dare
741 3289 863 3359 solebat,
886 3289 939 3347 sed
963 3307 999 3346 ea
1018 3288 1117 3363 potius
1191 3338 1194 3342 .

126 3404 202 3461 quae
231 3382 288 3443 sibi
314 3402 333 3442 a
360 3382 499 3443 diuitibus
533 3384 655 3441 donaria
688 3382 879 3460 pecuniarum
914 3382 1118 3458 largiebantur,

126 3484 176 3542 uel
203 3480 235 3540 iu
263 3498 333 3539 usus
367 3498 531 3557 pauperum
564 3490 598 3539 ut
624 3478 753 3540 diximus
781 3478 975 3555 dispergebat,
1002 3479 1051 3539 uel
1077 3480 1117 3539 ad
