2592 3834
119 194 200 271 ι54
314 199 317 203 ’
473 207 601 257 Vrsrorr
620 206 669 255 oF
685 204 858 255 avarsus.
1090 185 1159 267 [ΙΙΙ

160 351 191 401 et
205 338 261 400 ¹'die
284 336 368 419 tertia
388 322 502 397 rursum
525 338 648 398 eductus
668 335 744 397 uidit
763 342 825 396 n'on
845 338 941 397 solum
961 334 1074 400 maiora
1090 337 1164 397 bea·

160 447 257 495 torum
277 432 393 510 gaudia,
417 435 470 495 sed
492 443 522 493 et
543 432 672 492 maxima
698 433 892 509 malignorum
920 432 1076 511 spirituum
1099 450 1165 491 cer-

161 530 280 602 tamina,
303 529 355 607 qui
375 529 482 589 crebris
504 528 741 591 accusationibus
763 529 880 606 inprobi
899 530 954 590 iter
970 529 1013 589 illi
1031 530 1163 591 caeleste

161 629 355 688 intercludere
377 627 607 699 contendebant,
636 642 694 686 nec
718 636 820 686 tamen
845 626 1068 704 protegentibus
1091 646 1162 687 eum

162 722 272 799 angelis
286 720 445 797 quicquam
463 721 665 798 proficiebant
707 720 745 780 de
764 720 873 797 quibus
893 705 1031 781 omnibus
1049 720 1075 780 si
1093 720 1163 798 quis
1201 741 1219 800 5

162 818 278 897 plenius
295 818 368 879 scire
382 818 526 891 uult-id
541 828 585 877 est
604 827 715 895 quanta
732 817 841 877 fraudis
857 817 985 878 sollertia
998 818 1164 878 daemones

163 929 194 978 et
212 931 294 976 actus
314 915 375 976 eius
393 928 423 975 et
440 917 531 976 uerba
549 916 696 993 superflua
711 925 741 975 et
759 914 838 991 ipsas
857 914 946 975 etiam
966 914 1164 991 cogitationes
1219 993 1223 997 η

165 1012 248 1089 quasi
279 1011 310 1071 in
338 1011 413 1071 libro
441 1011 601 1087 descriptas
630 1009 845 1087 replicauerint,
873 1030 951 1087 quae
981 1012 1021 1069 ab
1049 1012 1165 1087 angelis

165 1106 282 1180 sanctis,
302 1126 378 1183 quae
399 1126 417 1165 a
438 1106 507 1165 uiris
529 1106 612 1166 iustis
634 1106 690 1166 sibi
713 1105 790 1165 inter
809 1108 931 1183 angelos
952 1105 1166 1183 apparentibus

164 1208 242 1265 laeta
255 1208 301 1265 uel
314 1206 406 1265 tristia
417 1204 718 1281 cognouerit-legat
731 1202 828 1279 ipsum
839 1205 877 1263 de
888 1222 948 1279 quo
959 1202 1020 1263 dixi
1029 1204 1165 1263 libellum
1184 1226 1222 1263 10

166 1304 244 1364 uitae
269 1302 340 1375 eius,
366 1313 396 1363 et
425 1303 550 1361 multum
573 1321 609 1362 ex
633 1300 684 1360 illo
711 1313 744 1361 ut
767 1320 833 1361 reor
855 1302 1003 1377 profectus
1026 1299 1191 1377 spiritalis‘

166 1398 299 1476 accipiet.

227 1497 264 1553 In
285 1494 391 1571 quibus
411 1504 510 1553 tamen
529 1512 620 1551 unum
642 1504 686 1552 est
704 1493 787 1568 quod
801 1503 831 1552 et
846 1512 903 1552 nos
920 1492 952 1551 in
969 1493 1026 1551 hac
1042 1490 1167 1551 historia

166 1610 277 1667 ponere
298 1592 397 1650 multis
423 1591 615 1650 commodum
643 1590 788 1650 duximus.
831 1609 900 1649 cum
923 1609 992 1665 ergo
1015 1588 1045 1648 in
1070 1590 1167 1647 altum

168 1695 245 1743 esset
265 1686 365 1755 elatus,
386 1683 481 1743 iussus
501 1697 545 1744 est
564 1685 601 1743 ab
619 1683 731 1759 angelis
750 1684 801 1760 qui
820 1704 888 1743 eum
908 1685 1059 1744 duceban't
1075 1683 1167 1760 respi-
1184 1701 1220 1761 15

167 1799 233 1839 cere
247 1780 278 1838 in
293 1781 444 1839 mundum.
486 1792 516 1839 at
536 1780 583 1839 ille
603 1783 705 1839 oculos
720 1779 751 1838 in
765 1779 901 1840 inferiora
916 1780 1076 1839 deflectens
1089 1778 1168 1839 uidit

168 1875 252 1951 quasi
265 1876 373 1935 uallem
387 1877 574 1935 tenebrosam
589 1879 693 1936 subtus
707 1896 739 1936 se
753 1875 784 1935 in
798 1877 859 1937 imo
872 1876 1007 1954 positam
1045 1875 1120 1935 uidit
1135 1886 1169 1935 et

168 1983 306 2049 quattuor
316 1972 397 2049 ignes
411 1972 442 2031 in
455 1992 522 2033 aere
536 1993 597 2033 non
611 1975 704 2033 multo
717 1975 756 2032 ab
767 1973 895 2033 inuicem
906 1973 1001 2049 spatio
1012 1972 1165 2032 distantes.

168 2080 199 2129 et
217 2068 396 2146 interrogans
417 2071 537 2147 angelos
558 2069 607 2145 qui
627 2080 725 2129 essent
744 2068 775 2128 hi
794 2069 877 2146 ignes
896 2068 1009 2128 audiuit
1026 2069 1081 2128 hos
1099 2087 1168 2128 esse
1277 2119 1279 2178 1

168 2166 251 2241 ignes
270 2166 321 2241 qui
339 2167 482 2225 mundum
500 2168 716 2237 succendentes
733 2178 831 2226 essent
848 2166 1036 2226 consumturi.
1071 2186 1167 2225 unum
1183 2186 1223 2225 20
1277 2185 1279 2246 j

168 2260 325 2333 mendacii,
355 2280 422 2319 cum
450 2264 508 2322 hoc
536 2263 618 2338 quod
645 2261 677 2321 in
704 2262 853 2340 baptismo
879 2261 1084 2321 abrenuntiare
1110 2281 1169 2321 nos
1277 2267 1279 2354 l

169 2361 294 2418 Satanae
315 2370 345 2417 et
366 2358 503 2418 omnibus
524 2358 661 2435 operibus
682 2358 745 2419 eius
764 2359 952 2436 promisimus
973 2358 1094 2417 minime
1111 2357 1169 2418 im-
1277 2371 1279 2428 l

168 2459 302 2533 plemus:
336 2458 459 2515 alterum
492 2457 670 2534 cupiditatis,
699 2477 767 2517 cum
794 2457 898 2517 mundi
929 2455 1045 2516 diuitias
1072 2454 1169 2514 amori
1277 2433 1279 2452 Ι

169 2554 340 2614 caelestium
358 2554 584 2633 praeponimus:
605 2555 724 2615 tertium
741 2553 942 2628 dissensionis,
963 2574 1029 2636 cum
1050 2553 1169 2613 animos
1277 2619 1279 2640 Ι

169 2651 370 2728 proximorum
388 2653 478 2712 etiam
496 2652 527 2712 in
545 2652 735 2731 superuacuis
752 2655 839 2713 rebus
858 2653 1006 2712 offendere
1029 2670 1090 2711 non
1108 2652 1168 2711 for·
1184 2671 1221 2732 25
1277 2661 1279 2708 ἰ

170 2749 334 2809 midamus:
362 2760 497 2825 quartum
517 2748 685 2826 impietatis,
707 2770 776 2809 cum
797 2748 969 2809 infirmiores
990 2747 1116 2825 spoliare
1136 2759 1169 2807 et

170 2845 213 2905 eis
235 2846 367 2905 fraudem
393 2848 490 2906 facere
516 2864 570 2922 pro
597 2845 691 2906 nihilo
718 2845 851 2905 dicimus.
901 2855 1067 2904 crescentes
1093 2863 1169 2905 uero

170 2941 312 3017 paulatim
325 2941 408 3019 ignes
424 2961 517 3017 usque
536 2943 574 3001 ad
593 2941 722 3001 inuicem
741 2960 805 3001 sese
823 2940 1019 3000 extenderunt
1032 2948 1123 3015 atque
1135 2938 1170 2999 iu

171 3036 335 3095 inmensam
356 3036 477 3095 adunati
499 3047 567 3097 sunt
588 3038 746 3096 flammam.
788 3054 916 3112 cumque
937 3033 1170 3111 adpropinquas-

172 3144 245 3205 sent,
269 3133 478 3211 pertimescens
500 3134 549 3195 ille
571 3134 642 3196 dicit
664 3136 788 3211 angelo:
823 3132 969 3205 ‘domine
994 3150 1064 3191 ecce
1091 3130 1169 3208 ignis
1183 3156 1222 3211 30

172 3229 245 3290 mihi
279 3229 513 3307 adpropinquat)
564 3243 595 3291 at
622 3232 672 3291 ille
703 3230 803 3308 ‘quod
830 3249 893 3289 non
921 3227 1094 3287 incendisti’
1125 3229 1171 3289 in·
1277 3214 1279 3266 ἶ

174 3327 237 3404 quit
255 3330 332 3384 ‘non
346 3326 460 3386 ardebit
478 3326 509 3386 in
527 3338 556 3387 te
566 3334 576 3401 ;'
599 3348 670 3387 nam
692 3328 747 3387 etsi
765 3324 900 3386 terribilis
921 3324 977 3384 iste
995 3343 1031 3383 ac
1048 3325 1169 3401 grandis
1277 3331 1279 3414 l

189 3440 234 3489 lsi
241 3437 286 3502 qui
294 3452 340 3487 ms.
379 3436 578 3503 ⁸replz'cauerunt
588 3456 632 3492 ms.
680 3438 862 3489 ”dissentionis
873 3453 920 3489 ms.
959 3436 1094 3505 ”quartus
1103 3454 1152 3489 ms.
