2592 3834
156 247 212 306 ¹54
264 241 318 294 HE
332 245 371 294 rs
387 243 538 294 cuasam
548 243 686 293 aranon
705 243 752 291 oa
764 240 1022 291 LJNDJSFARNE.
1079 217 1137 300 [IV

151 372 222 431 dum
245 371 374 431 facerent
392 371 431 430 ad
448 370 538 428 fidem
559 379 590 427 et
609 387 711 444 preces
729 365 830 425 famuli
850 365 908 440 dei,
922 365 980 425 alio
997 365 1045 424 die
1061 383 1138 440 aqua

153 468 240 542 plena
261 466 382 525 inuenta
403 477 455 538 est,
479 484 555 541 quae
577 464 730 539 usquead
751 464 828 520 hane
846 461 925 521 diem
946 461 1141 521 sufficientem

152 561 266 620 cunctis
292 561 343 620 illo
370 559 593 619 aduenientibus
626 558 735 634 gratiae
762 577 832 616 suae
862 557 995 616 caelestis
1022 557 1138 632 copiam

152 657 302 715 ministrat
345 657 397 716 sed
425 667 454 714 et
480 656 654 714 ferramenta
680 653 736 712 sibi
768 652 873 712 ruralia
900 672 968 713 cum
994 655 1138 711 frumento

152 751 258 811 adferri
285 750 407 826 rogauit,
429 751 509 826 quod
530 751 602 809 dum
622 759 794 824 praeparata
813 757 889 807 terra
908 758 1039 824 tempore
1071 767 1139 807 con·
1173 765 1188 824 5

153 865 225 922 gruo
252 847 416 918 seminaret,
443 845 485 903 nil
512 843 642 917 omniun,
669 863 731 902 non
758 843 825 902 dico
853 843 997 920 spicarum
1025 843 1076 903 sed
1100 864 1138 902 ne

154 945 261 1002 herbae
285 942 413 1019 quidem,
438 962 475 1002 ex
498 961 535 1001 eo
558 941 718 1018 germinare
742 960 834 1017 usque
862 941 900 1000 ad
926 941 1044 1000 aestatis
1068 951 1140 1000 tem-

153 1058 226 1115 pora
252 1037 381 1113 contigit.
421 1038 514 1096 undet
534 1036 720 1096 uisitantibus
753 1055 785 1096 se
821 1057 857 1097 ex
889 1025 972 1096 more
1004 1038 1139 1096 fratribus

155 1138 277 1196 ordeum
303 1135 387 1196 iussit
413 1135 525 1207 adferri,
551 1135 576 1194 si
601 1137 677 1195 forte
703 1137 752 1194 uel
778 1146 881 1194 natura
908 1135 963 1194 soli
989 1135 1064 1193 illius
1092 1137 1139 1193 uel

155 1235 290 1292 uoluntas
315 1243 391 1293 esset
415 1231 532 1308 superni
555 1231 697 1308 largitoris
721 1241 754 1290 ut
776 1220 852 1290 illius
872 1231 960 1308 frugis
980 1230 1021 1290 ibi
1040 1229 1138 1307 potius
1156 1243 1190 1281 10

155 1347 237 1404 seges
252 1329 378 1387 oriretur.
420 1329 502 1404 quod
516 1329 587 1386 dum
601 1326 657 1386 sibi
673 1329 803 1388 adlatum
823 1330 897 1387 ultra
917 1348 1005 1388 omne
1025 1339 1139 1404 tempus

155 1423 271 1483 serendi
297 1426 372 1482 ultra
399 1443 517 1483 omnem
545 1443 628 1499 spem
662 1424 854 1483 fructificandi
881 1425 987 1484 eodem
1013 1425 1044 1483 in
1070 1445 1140 1500 agro

155 1528 269 1589 sereret,
298 1537 368 1576 mox
401 1516 521 1593 copiosa
554 1537 636 1592 seges
671 1527 772 1576 exorta
805 1517 999 1577 desideratam
1032 1517 1141 1594 proprii

155 1613 262 1672 laboris
276 1613 337 1672 uiro
352 1613 400 1672 dei
414 1612 602 1672 resectionem
616 1615 783 1689 praebebat.
1121 1619 1125 1623 ’

216 1709 293 1768 Cum
314 1728 383 1784 ergo
404 1709 504 1768 multis
527 1707 638 1768 ibidem
659 1709 743 1768 annis
767 1711 824 1769 deo
852 1710 997 1769 solitarius
1021 1710 1195 1777 seruiret15,
1260 1739 1261 1742 ¹

156 1803 250 1881 (tanta
271 1814 370 1862 autem
397 1815 459 1863 erat
481 1803 606 1877 altitudo
630 1804 742 1880 aggeris
767 1825 827 1880 quo
854 1805 967 1865 mansio
995 1804 1141 1865 eluserat

155 1902 272 1971 uallata,
294 1910 327 1958 ut
351 1901 464 1958 caelum
488 1911 602 1959 tantum
625 1920 663 1960 ex
684 1921 719 1960 ea
741 1902 823 1960 cuius
850 1901 1002 1962 introitum
1026 1901 1142 1961 sitiebat

156 1995 285 2072 aspicere
305 1996 426 2073 posset),
441 1996 563 2073 contigit
582 2007 615 2054 ut
635 2009 810 2072 congregata
832 1999 946 2074 synodo
967 2017 1028 2056 non
1050 2017 1142 2073 paruo

157 2094 211 2150 sub
225 2092 387 2166 praesentia
400 2092 475 2166 regis
496 2091 625 2166 Eegfridi
641 2091 723 2151 iuxta
740 2093 863 2152 fluuium
876 2096 953 2154 Alne
967 2095 997 2154 in
1011 2096 1078 2154 loco
1091 2093 1142 2169 qui

157 2187 261 2246 dicitur
282 2188 457 2264 Adtnifyrdi,
472 2189 554 2264 quod
574 2188 717 2265 significat
739 2189 792 2248 ‘ad
817 2191 926 2266 duplex
947 2191 1076 2262 uadum‚'
1094 2187 1143 2248 cni
1158 2205 1194 2242 20

157 2285 260 2342 beatae
286 2285 445 2344 memoriae
471 2285 645 2343 Theodorus
679 2283 915 2360 archiepiscopus
948 2283 1142 2361 praesidebat,

157 2396 218 2435 uno
236 2376 335 2437 animo
354 2377 544 2454 omniumque
563 2397 709 2437 consensu
726 2379 765 2438 ad
783 2379 984 2456 episcopatum
1002 2380 1143 2440 ecclesiae

158 2470 401 2553 Lindissamensis
436 2473 594 2548 eligeretur.
636 2473 687 2548 qui
720 2475 914 2546 cummunis
942 2475 1085 2552 legatariis
1108 2494 1144 2533 ac

157 2567 259 2626 litteris
279 2570 316 2627 ad
334 2587 366 2627 se
385 2568 552 2644 praemissis
570 2588 757 2644 nequaquam
777 2589 831 2629 suo
848 2571 1024 2630 monasterio
1044 2581 1144 2647 posset

157 2661 228 2734 erui,
243 2664 363 2721 tandem
377 2683 428 2721 rex
445 2663 508 2739 ipse
526 2666 680 2740 praefatus
695 2683 755 2722 una
773 2684 841 2723 cum
861 2665 1043 2724 sanctissimo
1057 2663 1144 2722 antis·
1158 2680 1173 2718 2
1179 2675 1193 2734 5

158 2758 210 2817 tite
224 2760 383 2818 Trumnine
399 2779 456 2818 nee
473 2779 534 2820 non
553 2771 582 2820 et
600 2761 663 2819 aliis
677 2759 817 2836 religiosis
833 2779 870 2818 ac
883 2761 1052 2837 potentibus
1065 2759 1142 2832 uiris

158 2854 284 2914 insulam
297 2855 453 2932 nauigauit.
495 2859 677 2916 conueniunt
695 2868 725 2917 et
743 2859 782 2916 de
800 2857 863 2933 ipsa
883 2859 977 2917 insula
991 2857 1146 2916 Lindisfar·

158 2951 243 3012 nensi
259 2951 290 3011 in
306 2954 364 3012 hoc
379 2952 476 3029 ipsum
487 2953 581 3013 ¹multi
599 2955 638 3012 de
659 2954 800 3026 fratribus
822 2955 1021 3030 genuflectunt
1042 2973 1144 3014 omnes
1178 2952 1181 2958 ’

157 3049 292 3106 adiurant
313 3068 365 3124 per
386 3049 540 3108 dominum
560 3048 694 3108 lacrimas
715 3050 842 3108 fundunt
864 3050 1027 3121 obsecrant,
1049 3051 1145 3109 donec

158 3147 254 3222 ipsum
269 3135 395 3222 ⁴quoque
413 3144 537 3204 lacrimis
553 3146 674 3221 plenum
698 3145 832 3204 dulcibus
853 3147 1007 3204 extrahunt
1027 3145 1145 3204 latebris
1158 3162 1195 3218 30

158 3254 247 3319 atque
260 3245 298 3302 ad
313 3243 457 3319 synodum
471 3243 648 3319 pertrahunt.
692 3261 751 3318 quo
770 3243 842 3302 dum
857 3243 1031 3318 perueniret,
1047 3262 1146 3319 quam-

159 3339 203 3399 uis
217 3341 341 3400 multum
354 3340 489 3414 renitens,
499 3338 637 3398 unanima
647 3351 818 3399 cunctorum
832 3341 982 3400 uoluntate
997 3349 1147 3416 superatur

549 3451 571 3485 ¹³
586 3452 699 3516 legatoris
715 3467 761 3502 ms,
