2592 3834
433 218 491 267 ΒΥ
505 218 537 268 A·
552 218 678 268 LATER
704 217 857 268 WRITER.
1080 214 1133 274 ¹75

147 346 294 401 Eanredus
310 345 445 400 obierunt.
482 347 659 402 Eadberctus
675 362 807 417 campum
825 345 886 416 Cyil
898 361 962 400 cum
974 343 1036 400 aliis
1047 342 1135 412 regio-

145 417 228 470 nibus
240 431 291 488 suo
302 433 389 485 regno
401 416 519 471 addidit.
1002 459 1004 464 .

197 519 281 573 Anno
298 520 389 574 dcclui
409 537 484 575 anno
506 521 585 590 regni
603 519 756 576 Eadbercti
778 519 876 590 quinto
897 517 990 572 idibus
1013 515 1135 587 Ianuarii

145 589 256 658 eclipsis
273 591 339 643 solis
357 591 432 644 sacta
450 600 500 645 est.
538 592 641 646 Postea
657 591 757 645 eodem
773 597 888 643 annuet
904 587 1076 654 mense3hoc
1093 594 1136 639 est

114 675 220 734 5n0n0
240 659 423 713 kalendarum
443 661 666 726 Februariarum,
690 661 757 713 luna
778 659 904 727 eclipsim
926 656 1048 726 pertulit,
1071 656 1135 709 hor·

144 729 231 783 rendo
244 738 272 782 et
283 729 433 797 nigerrimo
445 740 533 798 scuto,
546 731 587 784 ita
598 740 628 784 ut
640 731 683 783 sol
695 730 779 798 paulo
791 739 865 795 ante,
877 735 1016 797 cooperta

195 830 280 883 Anno
292 830 382 883 dccliu
396 829 560 897 Bonifatius,
573 831 620 900 qui
635 840 664 884 et
675 830 828 896 Vinfridus,
841 831 1013 882 Francorum
1029 827 1135 896 episco-

143 916 204 968 pus,
217 916 282 953 cum
294 900 496 969 quinquaginta
507 902 596 954 tribus
614 899 747 966 martyrio
760 908 909 952 coronatus
922 908 978 961 est;
997 906 1025 951 et
1036 913 1087 966 pro
1099 913 1134 952 eo

145 970 290 1038 Redgerus
302 979 480 1023 consecratur
491 970 717 1040 archiepiscopus
730 985 748 1022 a
761 968 904 1038 Stephano
915 983 998 1037 papa

97 1089 133 1129 10
196 1072 280 1124 Anno
303 1070 404 1124 dccluii
422 1072 605 1126 Aedilbaldus
625 1089 674 1125 rex
696 1070 865 1126 Merciorum
884 1087 902 1124 a
921 1070 978 1124 suis
997 1069 1133 1124 tutoribus

144 1150 229 1194 noctu
258 1150 347 1195 morte
371 1141 547 1195 fraudulenta
574 1141 769 1195 miserabiliter
797 1149 957 1210 peremptus
989 1139 1133 1193 occubuit:

145 1210 320 1263 Beornredus
335 1227 452 1277 regnare
465 1211 571 1280 coepit:
592 1211 755 1278 Cyniuulsus
766 1228 815 1264 rex
828 1209 1053 1264 Occidentalium
1067 1209 1133 1262 Sax-

145 1295 231 1332 onum
243 1279 319 1333 obiit.
354 1280 455 1334 eodem
468 1281 552 1334 etiam
567 1297 641 1333 anno
655 1280 728 1345 Offa,
739 1281 836 1348 fugato
849 1279 1018 1347 Beomredo,
1032 1278 1133 1334 Merci-

144 1365 223 1401 orum
235 1365 352 1416 regnum
364 1350 578 1418 sanguinolento
590 1349 730 1420 quaesiuit
741 1350 842 1418 gladio.

96 1472 130 1532 ¹5
195 1451 279 1504 Anno
291 1450 406 1531 dccluiii
415 1450 592 1532 Eadberctus
602 1468 650 1505 rex
660 1450 960 1531 llordanhymbronrm
973 1447 1018 1503 dei
1030 1448 1133 1530 amoris

143 1535 229 1573 causa
248 1532 275 1572 et
294 1521 422 1574 caelestis
440 1530 547 1588 patriae
566 1521 708 1587 uiolentia,
726 1529 842 1590 accepta
861 1530 959 1574 sancta
978 1520 1053 1573 Petri
1072 1529 1151 1590 ton·¹

144 1606 216 1656 sura,
227 1590 285 1642 illio
298 1607 348 1643 suo
361 1590 477 1644 Osuulfo
489 1607 607 1658 regnum
619 1590 737 1660 reliquit.

195 1692 279 1745 Anno
291 1691 382 1746 dcclix
395 1691 528 1748 Osuulfus
541 1708 558 1744 a
570 1691 627 1746 suis
638 1691 774 1746 ministris
786 1691 941 1746 facinorose
953 1690 1062 1745 occisus
1075 1698 1133 1754 est;

143 1761 353 1822 et,Edilualdus
368 1777 443 1814 anno
460 1761 562 1815 eodem
579 1779 598 1815 a
614 1778 666 1815 sua
683 1763 764 1831 plebe
778 1763 883 1816 electus
901 1762 1015 1815 intrauit
1031 1761 1060 1814 in
1072 1776 1131 1828 reg·

94 1845 131 1884 20
143 1847 226 1884 num:
244 1831 323 1885 cuius
343 1832 466 1884 secundo
482 1847 557 1884 anno
576 1848 681 1900 magna
700 1832 841 1885 tribulatio
859 1831 1037 1899 mortalitatis
1055 1830 1132 1883 uenit

142 1909 171 1955 et
183 1900 292 1953 duobus
304 1902 390 1954 ferme
402 1900 483 1953 annis
495 1903 656 1969 permansit,
669 1901 866 1970 populantibus
879 1901 955 1954 duris
967 1917 1001 1954 ac
1013 1899 1131 1954 diuersis

142 1970 370 2038 aegritudinibus,
383 1970 503 2022 maxime
515 1980 609 2024 tamen
621 1970 798 2039 dysenteriae
809 1972 950 2040 languore.
1154 1981 1157 1986 '

193 2077 277 2132 Anno
290 2076 379 2131 dcclxi
393 2078 507 2141 Oengus
520 2077 660 2131 Pictorum
673 2093 722 2130 rex
734 2076 810 2143 obiit,
823 2075 870 2144 qui
882 2075 961 2144 regni
973 2074 1016 2128 sui
1031 2072 1131 2142 princi·

140 2145 218 2214 pium
236 2163 324 2216 usque
342 2145 380 2199 ad
397 2147 483 2199 finem
500 2146 622 2202 facinore
641 2155 756 2200 cruento
777 2156 910 2214 tyrannus
928 2144 1055 2214 perduxit
1073 2159 1131 2198 car·

91 2221 127 2280 25
141 2214 231 2270 nifex:
248 2225 277 2269 et
291 2215 391 2269 Osuini
403 2216 511 2271 occisus
523 2225 574 2271 est
1026 2245 1030 2256 ·

167 2366 175 2371 .
190 2319 276 2375 Anno
288 2319 386 2374 dcclxu
396 2319 571 2374 Aluchredus
582 2337 631 2376 rex
643 2329 788 2390 susceptus
800 2329 842 2374 est
853 2318 883 2373 in
894 2335 1019 2388 regnum.

191 2419 277 2475 Auno
301 2422 410 2476 dcclxui
432 2424 606 2492 Ecgberctus
629 2422 854 2491 archiepiscopus
883 2419 1015 2491 prosapia
1044 2419 1129 2488 regali

140 2490 245 2544 ditatus
259 2507 293 2544 ac
310 2492 407 2546 diuina
422 2493 539 2548 scientia
556 2493 680 2547 imbutus
696 2502 724 2546 et
741 2493 765 2545 F
766 2492 935 2547 rithubertus
951 2507 1016 2546 uere
1033 2489 1129 2545 fideles

140 2560 266 2631 episcopi
278 2562 316 2616 ad
328 2562 474 2617 dominum
484 2564 682 2631 migrauerunt
