2592 3834
164 243 221 298 144
438 242 487 291 oF
504 241 724 293 cAEDMON’S
742 243 883 295 DEATrr.
990 207 992 214 ’
1096 227 1155 311 [IV

162 370 278 444 diuinis,
290 369 436 447 inquibus
451 372 565 432 cunctis
578 372 713 433 homines
727 375 765 433 ab
781 393 879 434 amore
893 375 1036 435 scelerum
1047 377 1156 436 abstra³

161 467 239 541 here,
255 469 293 527 ad
306 467 498 528 dilectionem
512 488 582 527 uero
591 479 621 528 et
630 469 778 528 solertiam
787 471 884 530 bonae
892 469 1017 530 actionis
1029 472 1154 533 excitare

161 564 290 622 curabat
337 575 399 624 erat
425 563 504 623 enim
529 563 575 622 uir
596 565 723 623 multum
744 563 895 641 religiosus
922 576 952 626 et
976 569 1155 645 regularibus

162 657 324 734 disciplinis
337 658 486 718 humiliter
499 658 642 732 subditus,
658 659 815 719 aduersum
830 681 902 721 uero
920 663 986 722 illos
1004 663 1053 740 qui
1073 666 1156 726 aliter

162 755 258 813 facere
284 754 427 813 uolebant
454 756 519 812 zelo
546 755 646 830 magni
674 755 796 816 feruoris
823 775 983 817 accensus:
1016 759 1097 820 unde
1125 771 1156 820 et
1189 779 1204 838 5

161 852 286 926 pulchro
299 851 392 910 uitam
407 870 491 909 suam
505 852 564 909 fine
578 851 732 910 conclusit.

163 1041 301 1102 ueniente
335 1062 478 1119 corporea
514 1043 685 1103 infirmitate·
713 1064 831 1121 pressus
859 1057 912 1117 est,
944 1047 1021 1106 adeo
1054 1057 1155 1107 tamen

163 1139 314 1198 moderate
335 1149 369 1199 ut
393 1151 422 1200 et
444 1139 526 1215 loqui
548 1150 612 1198 toto
637 1159 674 1200 eo
698 1151 831 1217 tempore
856 1152 958 1217 posset
980 1152 1010 1202 et
1031 1143 1152 1219 ingredi

163 1243 225 1293 erat
238 1246 336 1294 autem
349 1235 381 1293 in
394 1234 530 1311 proximo
543 1255 620 1309 casa,
635 1237 667 1295 in
681 1257 740 1313 qua
754 1237 926 1299 infirmiores
945 1250 976 1299 et
994 1239 1044 1316 qui
1062 1259 1155 1318 prope
1172 1260 1207 1298 10

163 1330 295 1390 morituri
321 1351 386 1392 esse
413 1332 591 1394 uidebantur
617 1333 719 1394 induci
746 1336 888 1396 solebant
938 1336 1053 1413 rogauit
1086 1356 1154 1414 ergo

163 1427 327 1487 ministrum
341 1448 427 1488 suum
441 1449 564 1506 uespere
577 1431 777 1506 incumbente,
792 1443 881 1493 nocte
899 1453 959 1510 qua
977 1435 1014 1494 de
1037 1438 1154 1495 saeculo

163 1533 226 1582 erat
242 1523 379 1597 exiturus,
400 1535 434 1584 ut
455 1525 486 1583 in
511 1545 547 1585 ea
568 1526 623 1586 sibi
644 1529 743 1587 locum
764 1528 937 1605 quiescendi
957 1542 1154 1608 praepararet:

164 1618 216 1695 qui
229 1619 350 1680 miratus
364 1641 415 1680 cur
427 1622 486 1680 hoc
498 1633 621 1698 rogaret,
630 1622 681 1699 qui
696 1643 882 1700 nequaquam
895 1626 993 1685 adhuc
1000 1627 1155 1688 moriturus

165 1737 231 1778 esse
249 1719 415 1793 uidebatur,
430 1719 499 1778 fecit
517 1730 618 1779 tamen
634 1723 714 1797 quod
736 1722 855 1782 dixerat.
898 1742 1025 1800 cumque
1043 1724 1154 1786 ibidem
1171 1738 1204 1797 15
1279 1735 1280 1738 ’

164 1813 252 1891 positi
273 1813 405 1873 uicissim
428 1815 527 1891 aliqua
548 1818 697 1892 gaudente
721 1819 829 1892 animo,
856 1839 916 1878 una
943 1839 1011 1879 cum
1035 1820 1077 1881 eis
1105 1821 1156 1898 qui

164 1912 275 1971 ibidem
289 1924 358 1972 ante
371 1913 494 1986 inerant,
508 1910 698 1990 loquerentur
711 1935 746 1974 ac
761 1914 925 1976 iocarentur
934 1917 1031 1977 etiam
1040 1919 1155 1979 mediae

164 2008 260 2068 noctis
279 2019 395 2085 tempus
413 2021 489 2069 esset
510 2020 721 2085 transcensum,
741 2011 939 2089 interrogauit,
959 2013 983 2072 si
1011 2015 1155 2074 eucharis·

163 2107 235 2168 tiam
260 2108 340 2168 intus
364 2111 513 2169 haberent.
555 2111 783 2188 respondebant,
803 2111 889 2187 ‘quid
903 2129 978 2186 opus
992 2121 1037 2170 est
1051 2113 1154 2172 eucha-

163 2203 268 2265 ristia?
295 2224 393 2280 neque
417 2206 497 2265 enim
520 2205 597 2266 mori
620 2207 718 2265 adhuc
741 2208 842 2279 habeS,
869 2205 919 2282 qui
944 2216 1003 2266 tam
1026 2206 1155 2268 hilariter
1169 2221 1206 2260 20

163 2304 319 2363 nobiscum
332 2304 416 2362 uelut
429 2323 532 2380 sospes
548 2303 694 2380 loqueris?
735 2321 832 2364 rursus
852 2302 901 2363 ille
923 2307 966 2363 ‘et
983 2305 1094 2362 tamen’
1114 2304 1155 2363 ait

166 2403 280 2461 ‘afferte
303 2400 375 2460 mibi
395 2401 618 2460 eucharistiam!
659 2412 862 2477 qua-accepta
882 2399 912 2460 in
929 2419 1019 2459 manu
1038 2400 1157 2460 interro·

163 2494 251 2571 gauit,
270 2494 295 2554 si
312 2515 416 2555 omnes
431 2496 582 2572 placidum
599 2515 667 2572 erga
687 2515 718 2554 se
738 2495 871 2555 animum
896 2504 925 2554 et
949 2495 1012 2554 sine
1036 2495 1155 2570 querela

164 2591 381 2652 controuersiae
401 2612 438 2650 ac
459 2593 589 2652 rancoris
612 2593 766 2652 haberent.
806 2592 1027 2668 respondebant
1050 2611 1154 2652 omnes

162 2688 390 2764 placidissimam
405 2707 437 2747 se
450 2699 581 2748 mentem
595 2689 635 2747 ad
648 2688 732 2747 illum
746 2673 776 2748 et
794 2689 832 2748 ab
850 2687 933 2746 omni
951 2687 993 2746 ira
1011 2699 1154 2748 remotam
1168 2702 1183 2740 2
1187 2699 1203 2759 5

163 2788 280 2858 babere,
309 2804 437 2862 eumque
464 2783 593 2843 uicissim
621 2787 765 2860 rogabant
796 2783 945 2860 placidam
976 2803 1045 2859 erga
1074 2783 1154 2860 ipsos

161 2897 293 2945 mentem
310 2885 427 2944 habere.
470 2882 522 2958 qui
546 2882 702 2952 confestim
724 2880 894 2958 respondit:
915 2880 1078 2957 ‘placidam
1099 2899 1154 2956 ego

161 2993 302 3053 mentem,
324 2978 414 3053 filioli,
435 2965 504 3056 erga
522 2997 626 3038 omnes
647 2960 696 3038 ‘dei
720 2978 845 3036 famulos
868 2977 956 3052 gero!
997 2962 1154 3051 sicquese

161 3078 281 3139 caelesti
304 3077 440 3137 muniens
458 3076 569 3137 uiatico
588 3075 669 3135 uitae
689 3073 805 3134 alterius
824 3073 956 3150 ingressu
982 3071 1104 3147 parauit,
1125 3085 1154 3134 et

140 3248 143 3252 .
161 3174 360 3250 interrogauit,
375 3194 465 3250 quam
478 3194 571 3251 prope
585 3183 663 3233 esset
677 3173 749 3232 hora
761 3190 821 3247 qua
833 3171 934 3229 fratres
952 3171 991 3228 ad
1012 3168 1154 3231 dicendas
1167 3189 1204 3245 30

162 3271 286 3332 domino
301 3273 403 3331 laudes
417 3283 577 3332 nocturnas
591 3269 710 3330 excitari
732 3271 881 3329 deberent.
924 3269 1152 3344 respondebant,

163 3375 243 3429 ‘non
262 3370 350 3445 longe
369 3370 431 3428 est’
473 3380 504 3430 at
521 3369 588 3430 ille:
603 3371 711 3443 '‘bene,
735 3385 806 3446 ergo
827 3376 1032 3455 erspectemus
1051 3367 1154 3427 horam

565 3483 580 3516 ³
591 3491 677 3549 presses
693 3498 738 3534 ms.
