2592 3834
122 248 173 333 13]
324 266 410 316 LIFE
430 266 657 316 PROLoNGED
676 265 733 315 ΒΥ
749 265 813 316 HIS
831 266 909 315 AID.
1074 268 1113 327 43

119 412 245 489 positus,
266 420 295 472 et
316 410 393 471 inter
418 430 506 487 aegra
532 420 661 469 tremens
688 407 811 485 suspiria
832 406 923 468 flebili
943 425 1019 467 uoce
1044 406 1115 467 talia

119 526 239 567 mecum
256 507 448 583 querebatur:
476 504 608 564 “uides''
626 504 723 580 inquit
745 502 839 579 “quia
857 502 1034 579 iamiamque
1053 521 1115 563 cre·

119 612 221 661 scente
247 600 377 677 corporis
403 599 537 659 molestia
563 599 602 658 ad
630 598 783 658 articulum
812 598 983 657 subeundae
1010 597 1113 657 mortis

119 697 291 773 compellor,
316 714 373 755 nec
399 693 503 754 dubito
531 712 579 753 me
606 702 675 770 post
701 703 827 752 mortem
854 691 985 768 corporis
1014 690 1112 751 statim

87 794 158 864 sad
184 804 358 871 perpetuam
381 790 496 851 animae
520 802 645 851 mortem
666 789 840 866 rapiendum
862 808 898 847 ac
921 788 1111 848 infernalibus

118 889 309 949 subdendum
330 906 395 947 esse
416 885 577 959 tormentis,
603 885 654 963 qui
678 895 811 961 tempore
832 903 894 943 non
918 902 1015 961 pauco
1036 882 1113 943 inter

118 983 219 1044 studia
237 982 354 1044 diuinae
372 981 506 1041 lectionis
525 981 662 1042 uitiorum
675 982 774 1059 potius
792 978 1009 1059 inplioamentis
1022 998 1112 1056 quam

118 1078 228 1139 diuinis
250 1079 382 1138 solebam
402 1077 508 1137 seruire
528 1078 683 1137 mandatis.
733 1076 809 1137 inest
835 1087 934 1135 autem
955 1075 1064 1148 animo,
1086 1074 1112 1134 si

117 1174 192 1234 mihi
205 1174 299 1251 pietas
312 1192 438 1249 superna
450 1172 548 1249 aliqua
566 1172 688 1233 uiuendi
702 1172 797 1250 spatia
810 1172 973 1245 domuerit,
988 1172 1111 1232 uitiosos

69 1302 105 1339 ιο
118 1292 217 1333 mores
231 1272 371 1349 corrigere
384 1282 474 1348 atque
487 1272 525 1331 ad
539 1270 695 1348 imperium
708 1269 826 1330 diuinae
842 1269 1001 1329 uoluntatis
1017 1280 1110 1329 totam

119 1386 156 1427 ex
176 1364 291 1443 integro
310 1377 440 1425 mentem
458 1366 609 1442 uitamque
632 1367 793 1425 transferre.
835 1384 938 1425 uemm
959 1364 1030 1424 noui
1048 1383 1111 1423 non

117 1463 179 1521 hoc
198 1480 262 1521 esse
282 1460 378 1520 meriti
398 1460 457 1519 mei
476 1473 509 1521 ut
529 1460 664 1520 inducias
687 1460 809 1519 uiuendi
829 1461 878 1520 uel
900 1459 1043 1536 accipiam
1062 1461 1110 1519 uel

117 1578 169 1618 me
192 1569 381 1634 accepturum
408 1576 472 1617 esse
495 1558 652 1631 confidam,
674 1556 731 1616 nisi
757 1558 833 1617 sorte
856 1558 964 1617 misero
985 1555 1057 1615 mihi
1080 1565 1111 1616 et

116 1656 241 1734 indigno
259 1655 347 1716 uenia
370 1676 423 1734 per
443 1656 584 1715 auxilium
603 1673 705 1715 eorum
726 1656 775 1731 qui
797 1655 840 1715 illi
862 1656 988 1715 fideliter
1005 1652 1110 1714 seruie

69 1778 101 1835 15
116 1763 186 1813 runt
205 1750 356 1830 propitiari
377 1752 517 1828 dignatus·
532 1752 625 1837 suerit.
668 1752 834 1811 audiuimus
854 1763 961 1822 autem,
981 1760 1011 1811 et
1031 1752 1111 1810 sama

117 1846 301 1920 creberrima,
317 1846 385 1923 quia
403 1847 532 1906 fueritin
548 1858 636 1925 gente
654 1860 752 1908 uestra
767 1867 818 1909 rex
836 1846 987 1907 mirandae
1006 1845 1110 1906 sancti·

69 1940 72 1949 ’
116 1942 185 2003 tatis
212 1944 361 2003 uocabulo
389 1944 500 2004 Osuald
528 1945 611 2003 cuius
641 1944 814 2005 excellentia
843 1943 913 2004 fidei
940 1954 969 2004 et
995 1943 1110 2003 uirtutis

116 2040 206 2100 etiarn
228 2050 297 2116 post
321 2050 446 2099 mortem
469 2042 610 2101 uirtutum
636 2042 832 2117 frequentium
858 2041 1030 2119 operatione
1053 2041 1110 2099 cla·

115 2134 215 2206 ruerit,
229 2152 402 2211 precorque,
418 2134 442 2193 si
455 2134 567 2212 aliquid
577 2134 762 2212 reliquiarum
774 2136 850 2196 illius
859 2155 951 2212 penes
965 2146 994 2195 te
1007 2136 1109 2209 habes,

68 2258 103 2294 20
116 2234 233 2292 adferas
246 2232 326 2304 mihi,
342 2232 367 2291 si
384 2233 459 2291 forte
476 2232 548 2291 mihi
566 2232 704 2292 dominns
723 2252 778 2310 per
793 2232 855 2293 eius
872 2232 1008 2292 meritum
1026 2230 1110 2293 mise-

115 2325 172 2386 reri
188 2327 340 2387 uoluerit.”
381 2335 411 2386 at
430 2346 486 2403 ego
502 2329 660 2405 respondi:
684 2329 807 2388 “habeo
828 2327 949 2404 quidem
970 2328 1009 2387 de
1028 2325 1109 2403 ligno

115 2422 147 2481 in
167 2440 229 2499 quo
249 2432 339 2499 caput
357 2421 420 2481 eius
442 2422 531 2481 occisi
545 2443 563 2482 a
576 2423 698 2499 paganis
720 2422 841 2481 infixum
861 2434 912 2497 est,
933 2431 963 2482 et
981 2421 1006 2481 si
1023 2423 1109 2480 firmo

116 2519 206 2578 corde
221 2516 388 2590 credideris,
402 2527 501 2594 potest
516 2518 618 2578 diuina
633 2518 727 2595 pietas
745 2537 799 2595 per
816 2519 890 2579 tanti
904 2518 1040 2579 meritum
1054 2514 1109 2577 uiri

116 2627 145 2676 et
158 2616 247 2675 huius
260 2615 340 2675 uitae
357 2610 602 2691 spatia'longiora
620 2615 783 2675 concedere
798 2627 828 2675 et
842 2615 972 2691 ingressu
986 2625 1016 2674 te
1029 2614 1108 2674 uitae

69 2733 101 2790 ²5
115 2710 254 2787 perennis
276 2709 398 2787 dignum
420 2710 569 2770 reddere.”
608 2729 665 2770 nec
686 2721 816 2771 moratus
839 2709 888 2770 ille
911 2709 1054 2787 integram
1076 2726 1108 2769 se

115 2807 146 2866 in
159 2808 219 2867 hoc
232 2808 341 2867 habere
354 2806 444 2866 fidem
458 2806 665 2883 respondebat

176 2906 273 2963 ‘Tum
294 2901 433 2965 benedixi
452 2922 560 2979 aquam
582 2914 612 2962 et
632 2902 757 2962 astulam
783 2901 896 2963 roboris
922 2900 1044 2979 praelati
1064 2902 1107 2961 in·

116 2997 236 3060 mittens
258 2998 351 3059 obtuli
370 3018 459 3075 aegro
478 2999 647 3075 potandam.
690 3016 747 3058 nec
765 3017 856 3071 mora,
875 2999 980 3059 melius
998 2998 1107 3057 habere

115 3094 214 3172 coepit
236 3102 267 3154 et
288 3096 498 3153 conualescens
518 3094 557 3152 ab
575 3092 742 3154 infirmitate
761 3095 856 3153 multo
877 3093 1018 3170 deinceps
1037 3100 1107 3153 tem-

71 3211 105 3267 30
115 3208 186 3267 pore
200 3188 282 3261 uixit,
297 3198 421 3267 totoque
437 3190 475 3250 ad
490 3190 579 3249 deum
593 3190 683 3250 corde
697 3201 726 3250 et
740 3210 829 3268 opere
842 3206 1001 3251 conuersus
1014 3192 1107 3251 omni·

116 3285 171 3345 bus
191 3285 373 3361 ubicumque
398 3284 591 3362 pemeniebat
617 3284 803 3346 clementiam
827 3285 870 3364 pii
893 3285 1055 3348 conditoris
1076 3298 1106 3348 et

117 3382 210 3445 fidelis
224 3383 286 3445 eius
300 3382 400 3443 famuli
414 3382 536 3459 gloriam
550 3382 758 3460 praedicabat!

296 3496 298 3503 ’
393 3493 414 3526 ⁸⁴
430 3496 538 3561 ingressu
550 3494 590 3547 C1.
620 3497 812 3561 ingressuram
