2592 3834
550 263 781 314 curnarncn
848 254 851 258 ’
1056 241 1165 325 [Tastr-

628 393 724 500 VHI‘

246 569 629 629 ESIDERANTISSIMO
655 579 685 628 et
708 567 881 629 suauissimo
901 569 932 628 in
954 567 1062 631 Christi
1079 569 1166 630 dilec-

284 665 364 726 tione
391 665 488 725 amico
515 666 601 724 Lullo
627 665 769 742 episcopo
797 678 827 726 et
850 665 980 726 omnium
1003 666 1164 726 antistitum

175 759 325 820 carissimo
339 760 489 833 Gutberct,
504 759 665 836 discipulus
679 762 762 820 Beda
775 760 935 836 presbiteri,
951 762 1082 820 salutem.

235 858 392 916 Gratanter
410 855 530 934 quidem
550 859 725 916 munuscula
743 869 811 917 tuae
831 857 958 917 caritatis
978 855 1109 933 suscepi;
1133 866 1162 915 et
1193 864 1209 924 5

175 972 212 1013 eo
224 953 394 1029 gratantius,
408 973 468 1030 quo
486 963 516 1013 te
528 954 604 1013 haec
617 953 722 1014 intimo
737 953 903 1014 deuotionis
922 956 1028 1014 affectu
1047 951 1162 1012 mittere

174 1049 310 1126 cognoui.
352 1049 384 1109 id
403 1060 455 1122 est,
470 1050 664 1110 holosericam
683 1052 721 1110 ad
736 1051 873 1126 reliquias
887 1052 990 1110 beatae
1005 1049 1162 1110 memoriae

176 1145 275 1205 Baeda
288 1145 416 1222 magistri
433 1145 525 1205 nostri
543 1148 582 1206 ob
600 1145 833 1206 recordationem
853 1156 882 1205 et
902 1144 979 1204 illius
1000 1145 1162 1205 ueneratio-

174 1259 244 1300 nem
264 1241 424 1300 destinasti.
467 1252 497 1300 et
519 1253 634 1301 rectum
658 1241 778 1318 quidem
802 1241 874 1300 mihi
898 1241 1023 1316 uidetur,
1047 1253 1080 1301 ut
1100 1251 1162 1303 tota

173 1356 246 1413 gens
265 1340 427 1414 Anglorum
447 1337 478 1396 in
499 1338 635 1398 omnibus
655 1336 823 1414 prouinciis,
852 1337 1030 1413 ubicumque
1055 1337 1161 1414 reperti
1176 1362 1212 1400 10

174 1444 250 1506 sunt,
264 1433 371 1510 gratias
389 1435 447 1494 deo
464 1435 596 1505 referant,
614 1435 684 1510 quia
702 1443 763 1492 tam
781 1432 942 1498 mirabilem
961 1433 1064 1507 uirum,
1082 1453 1162 1509 prae·

174 1529 268 1589 ditum
281 1529 313 1590 in
329 1529 451 1591 diuersis
470 1529 557 1590 donis
576 1540 695 1604 tamque
714 1529 752 1588 ad
772 1528 934 1588 exercenda
954 1529 1033 1588 dona
1054 1529 1163 1589 studio-

174 1647 239 1687 sum
259 1627 447 1703 similiterque
467 1627 497 1685 in
517 1625 605 1685 bonis
624 1624 755 1684 moribus
779 1624 939 1696 uiuentem,
960 1626 1033 1684 deus
1054 1625 1109 1684 illis
1129 1625 1161 1684 in

173 1743 226 1783 sua
248 1723 368 1784 nati0ne
392 1721 520 1782 donauit
564 1721 634 1797 quia
660 1740 712 1797 per
739 1721 980 1797 experimentum,
1006 1723 1045 1782 ad
1069 1723 1160 1798 pedes

173 1817 236 1879 eius
253 1818 385 1890 nutritus,
399 1819 458 1877 hoc
478 1819 559 1894 quod
578 1837 665 1877 narro
680 1816 778 1877 didici.
821 1817 1011 1894 similiterque
1028 1819 1160 1878 mihimet
1176 1841 1212 1900 15

173 1915 229 1992 ipsi
251 1914 466 1991 coopertorium
488 1913 642 1988 uariatum,
667 1916 705 1974 ad
729 1916 888 1991 tegendum
912 1915 1022 1976 seilicet
1042 1928 1160 1993 propter

172 2011 260 2088 frigus
282 2030 380 2069 meum
404 2029 519 2086 corpus,
543 2009 654 2070 misisti.
697 2011 778 2086 quod
802 2010 941 2070 uidelicet
964 2011 1160 2088 omnipotenti

172 2107 231 2166 deo
247 2117 277 2165 et
293 2106 381 2164 beato
398 2106 490 2164 Paulo
502 2107 638 2181 apostolo
656 2105 695 2163 ad
711 2103 896 2164 induendum
916 2107 1014 2178 altare,
1029 2107 1110 2181 quod
1128 2106 1159 2165 in

172 2202 234 2262 eius
248 2199 371 2261 ecclesia
384 2201 442 2261 deo
456 2212 659 2260 consecratum
674 2211 725 2273 est,
741 2220 808 2259 curn
827 2220 935 2276 magno
949 2202 1057 2278 gaudio
1072 2202 1159 2278 dedi3

171 2299 242 2376 quia
255 2309 285 2358 et
298 2317 355 2374 ego
368 2301 422 2358 sub
439 2297 501 2358 eius
519 2297 701 2373 protectione
719 2296 750 2356 in
769 2299 827 2358 hoc
846 2297 1025 2358 monasterio
1039 2300 1159 2376 quadra·
1174 2320 1214 2360 20

171 2395 253 2472 ginta
266 2405 295 2455 et
309 2414 360 2454 sex
373 2413 467 2453 annos
480 2391 549 2452 uixi.

231 2493 261 2550 N
263 2510 321 2551 unc
334 2508 413 2562 uer0,
429 2488 499 2564 quia
511 2487 619 2564 rogasti
632 2486 743 2563 aliquid
757 2489 795 2548 de
809 2488 956 2565 opusculis
969 2489 1048 2550 beati
1061 2490 1158 2567 patris,

171 2607 241 2647 cum
255 2586 328 2647 meis
340 2585 438 2662 pueris
451 2585 532 2644 iuxta
544 2584 629 2657 uires,
641 2583 722 2659 quod
735 2584 827 2660 potui,
839 2595 907 2645 tuae
918 2585 1070 2647 dilectioni
1079 2608 1160 2665 prae·

170 2681 289 2758 paraui:
308 2680 423 2740 libellos
438 2681 476 2740 de
493 2679 557 2738 uiro
575 2679 622 2738 dei
638 2680 815 2753 Cudbercto,
830 2692 925 2740 metro
939 2692 969 2741 et
981 2701 1067 2758 prosa
1081 2703 1159 2743 com-

170 2776 292 2855 positos,
306 2785 374 2835 tuae
388 2774 532 2835 uoluntati
547 2775 647 2835 direxi.
680 2786 717 2848 et,
734 2775 757 2836 si
771 2777 837 2852 plus
851 2775 1019 2852 potuissem,
1035 2776 1160 2837 libenter
1175 2792 1191 2830 2
1196 2791 1214 2849 5

170 2873 336 2933 uoluissent
379 2871 448 2947 quia
460 2871 625 2947 praesentia
638 2870 785 2946 praeteriti
803 2871 907 2930 hiemis
925 2872 1050 2931 multum
1071 2873 1160 2932 horri-

170 2970 267 3041 biliter
278 2968 404 3026 insulam
417 2977 534 3026 nostrae
547 2967 642 3044 gentis
656 2968 686 3026 in
699 2966 804 3044 frigore
823 2979 854 3028 et
870 2971 938 3044 gelu
956 2979 986 3028 et
1004 2981 1158 3030 uentorum

170 3077 201 3126 et
214 3063 349 3125 imbrium
362 3061 498 3138 procellis
512 3059 562 3121 diu
576 3064 694 3138 lateque
707 3062 857 3138 depressit,
873 3063 1001 3139 ideoque
1012 3064 1158 3142 scriptoris

170 3179 283 3232 manus,
305 3177 344 3218 ne
365 3157 397 3216 in
420 3157 610 3234 plurimorum
634 3146 774 3219 librorum
801 3178 955 3220 numerum
981 3162 1156 3238 perueniret,

90 3284 92 3291 ·
168 3256 360 3316 retardaretur
364 3297 436 3312 ......
1171 3275 1217 3332 30

248 3403 259 3437 ¹
276 3405 423 3455 Gutberctus
435 3405 469 3467 (in
480 3405 598 3455 Bonifatii
609 3422 641 3472 ep
656 3421 700 3470 ¹34
712 3422 747 3472 pp
759 3419 852 3469 300—a
862 3402 935 3470 Jafft)
946 3411 973 3456 to
985 3403 1050 3456 Lull.

249 3464 293 3501 ¹⁸
287 3475 333 3519 an
344 3471 548 3536 perseuerantia?
