2592 3834
140 217 257 300 uoxu]
430 237 495 288 ans
519 237 630 294 Woxx
645 237 684 286 rs
701 235 845 286 annae.
1075 236 1130 295 179

141 366 268 427 maxime
294 378 393 427 autern
420 367 451 426 in
481 356 573 428 uerbo
601 369 683 444 quod
710 367 822 428 dixerat
849 366 919 444 quia
944 364 1131 426 aestimarent

140 465 222 539 quod
235 463 339 523 faciem
358 463 421 524 eius
434 464 559 540 amplius
579 483 639 522 non
659 466 752 523 multo
770 463 801 522 in
820 465 879 524 hoc
897 465 1014 522 saeculo
1033 473 1131 522 essent

139 560 237 621 uisuri.
280 563 449 637 gaudebant
470 573 568 620 autem
593 561 632 621 de
653 580 689 620 eo
710 561 792 637 quod
810 559 900 619 dixit:
923 563 931 594 ⁴
942 571 1057 635 tempus
1076 570 1129 632 est,

140 659 165 716 si
186 657 229 715 sic
248 657 350 717 factori
370 677 438 716 meo
459 656 583 727 uidetur,
606 667 638 715 ut
660 658 699 715 ad
721 675 788 716 eum
809 657 900 717 modo
924 657 1073 716 absolutus
1095 676 1131 716 ex
1190 643 1191 648 ¹

89 803 91 806 a
107 763 123 824 5
139 771 225 811 carne
239 737 366 824 ueniarir,
382 752 433 828 qui
451 772 499 811 me
514 753 633 828 quando
652 771 714 811 non
733 770 811 811 eram
828 771 864 810 ex
878 751 969 811 nihilo
983 751 1128 811 formauit.

138 849 263 906 multum
278 858 394 924 tempus
412 848 480 918 uixi,
495 849 631 923 beneque
650 846 721 905 mihi
735 845 799 923 pius
814 846 902 907 iudex
922 846 1013 906 uitam
1032 865 1129 906 meam

138 940 291 1017 praeuidit.
344 952 460 1017 tempus
491 940 688 1000 absolucionis
719 958 803 999 meae
829 959 920 1016 prope
943 951 994 1014 est,
1019 941 1130 1000 etenim
1218 995 1224 1018 ,

138 1033 237 1094 anima
252 1055 318 1095 mea
331 1036 477 1096 desiderat
495 1056 594 1112 regem
614 1056 714 1095 meum
733 1035 881 1096 Christum
900 1035 931 1094 in
950 1037 1056 1096 decore
1075 1055 1129 1096 suo

137 1128 239 1188 uidere
247 1131 262 1189 '.
305 1129 348 1189 sic
365 1141 394 1188 et
414 1130 471 1188 alia
487 1131 579 1188 multa
596 1128 727 1188 utilitatis
741 1148 829 1187 causa
842 1131 881 1188 ad
895 1129 1128 1190 aedificationem

89 1247 126 1285 10
139 1237 268 1286 nostram
282 1228 397 1284 locutus
411 1225 443 1283 in
457 1225 549 1284 letitia
562 1224 642 1284 diem
661 1225 796 1283 ultimum
816 1244 908 1300 usque
921 1225 961 1284 ad
974 1245 1129 1302 uesperum

138 1324 229 1397 duxit,
252 1335 281 1382 et
301 1324 446 1398 praefatus
470 1341 542 1398 puer
562 1320 690 1380 ‘nomine
717 1320 886 1380 uuilberche
912 1322 1010 1381 adhuc
1038 1323 1128 1384 dixit:

139 1419 291 1494 ‘magister
308 1419 422 1489 dilecte,
441 1427 527 1476 restat
544 1418 642 1480 adhuc
656 1435 715 1474 una
729 1415 873 1474 sententia
886 1435 947 1475 non
962 1416 1127 1492 descripta'.

137 1525 167 1572 at
185 1515 234 1574 ille
250 1521 258 1549 ‘
266 1516 359 1574 bene’
374 1513 477 1590 inquid
493 1512 603 1571 ‘scribe
612 1514 626 1569 '.
670 1522 699 1569 et
713 1521 781 1586 post
794 1510 945 1569 modicum
956 1510 1029 1570 dixit
1043 1530 1129 1587 puer:

140 1610 244 1668 ‘modo
265 1609 411 1684 descripta
425 1619 468 1667 est
478 1610 493 1666 '.
534 1618 564 1665 at
582 1607 631 1666 ille
644 1609 751 1664 ‘bene’
762 1605 866 1681 inquid
881 1610 1129 1665 ‘consummatum

86 1729 122 1788 15
137 1716 189 1777 est,
213 1705 364 1764 ueritatem
385 1703 500 1776 dixisti;
520 1702 622 1778 accipe
648 1722 747 1762 meum
769 1713 856 1778 caput
875 1702 905 1761 in
927 1722 1031 1762 manus
1055 1713 1128 1777 tuas,

137 1801 206 1878 quia
217 1804 341 1860 multum
352 1820 400 1860 me
412 1802 538 1860 delectat
549 1800 649 1858 sedere
662 1819 697 1858 cx
711 1800 836 1858 aduerso
850 1800 916 1858 loco
931 1810 1032 1858 sancto
1047 1819 1125 1872 rne0,

137 1896 169 1955 in
184 1916 243 1974 quo
258 1916 339 1956 orare
357 1896 496 1968 solebam,
512 1905 544 1954 ut
563 1905 593 1954 et
607 1914 662 1970 ego
676 1894 782 1953 sedens
801 1904 912 1969 patrem
931 1913 1030 1952 meum
1045 1893 1127 1954 inuo

137 2010 204 2050 care
223 1990 352 2068 possim!
389 1989 477 2050 etsie
498 1989 529 2047 in
549 1990 719 2066 pauimento
737 2008 806 2048 suae
827 1991 942 2049 casulae
964 1990 1126 2048 decantans

137 2090 247 2165 ‘gloria
267 2087 342 2165 patri
362 2097 392 2147 et
407 2085 468 2146 filio
487 2098 517 2147 et
535 2085 647 2163 spiritui
662 2088 779 2146 sancto'
794 2096 824 2144 et
837 2097 941 2158 cetera,
956 2086 1091 2144 ultimum
1108 2105 1125 2146 e

87 2206 124 2244 20
137 2203 260 2261 corpore
274 2183 420 2244 exhalauit
433 2182 573 2259 spiritum.
614 2193 703 2258 atque
717 2193 750 2241 ut
764 2181 826 2241 sine
841 2182 931 2241 dubio
945 2183 1128 2242 credendum

139 2281 273 2356 estquod
287 2299 340 2357 pro
351 2298 387 2338 eo
399 2279 467 2355 quia
480 2278 529 2337 hic
541 2296 657 2353 semper
671 2276 879 2336 deuotissimus
890 2275 920 2334 in
932 2276 980 2335 dei
991 2276 1127 2335 laudibus

96 2364 102 2377 ⁸
136 2376 319 2438 laborauerat
333 2377 370 2435 ad
384 2375 490 2451 gaudia
508 2374 719 2434 desideriorum
734 2373 886 2433 celestium
900 2373 998 2431 anima
1011 2373 1074 2432 eius
1088 2375 1126 2432 ab

135 2472 246 2548 angelis
259 2482 427 2547 portaretur.
463 2489 566 2530 omnes
579 2480 678 2529 autem
692 2468 743 2545 qui
757 2469 874 2528 audiere
891 2469 938 2528 uel
952 2468 1052 2528 uidere
1067 2469 1128 2528 obi·

135 2580 198 2628 tum
213 2568 345 2628 Baedarii
359 2567 447 2644 patris
461 2567 559 2640 nostri,
571 2585 733 2642 numquam
747 2585 778 2626 se
792 2564 900 2624 uidisse
919 2564 1007 2623 alium
1021 2566 1052 2623 in
1066 2577 1127 2624 tam

86 2681 122 2740 25
136 2684 242 2740 magna
265 2663 429 2723 deuocione
456 2674 545 2738 atque
572 2661 779 2738 tranquillitate
804 2660 895 2720 uitam
922 2680 1005 2720 suam
1027 2661 1126 2720 finisse

135 2761 291 2820 dicebant:
315 2760 391 2836 quia,
408 2760 482 2818 sicut
502 2758 617 2829 audisti,
635 2777 788 2834 quousque
809 2757 907 2816 anima
929 2758 992 2818 eius
1014 2757 1045 2816 in
1066 2778 1128 2818 cor-

134 2878 207 2935 pore
234 2857 296 2930 fuit,
324 2856 431 2932 ‘gloria
456 2856 546 2933 patri'
574 2867 603 2915 et
626 2854 684 2912 alia
707 2855 852 2930 quaedam
876 2855 914 2913 ad
934 2853 1057 2930 gloriam
1078 2851 1127 2913 dei

76 3026 82 3034 Ι
135 2954 243 3013 cecinit
261 2963 290 3012 et
307 2951 442 3028 expansis
461 2950 595 3009 manibus
614 2951 672 3010 deo
685 2949 791 3025 gratias
804 2969 889 3026 agere
902 2968 964 3008 non
983 2949 1124 3008 cessabat.

137 3049 209 3107 scire
223 3059 322 3106 autem
337 3049 428 3106 debes
442 3045 511 3122 quia
524 3047 621 3104 adhuc
634 3047 727 3104 multa
738 3045 845 3104 narrari
859 3056 888 3104 et
903 3044 989 3104 scribi
1002 3055 1126 3121 possunt

84 3160 123 3217 30
137 3144 174 3202 de
195 3161 231 3201 eo
253 3143 305 3201 sed
325 3161 406 3200 nunc
433 3141 606 3200 breuitatem
627 3141 769 3201 sermonis
789 3140 946 3200 ineruditio
968 3159 1051 3200 meae
1071 3138 1124 3197 lin·

136 3258 212 3316 guae
232 3237 309 3297 lacit
351 3248 480 3296 attamen
495 3237 593 3314 cogito
607 3239 666 3297 deo
687 3238 846 3298 adiuuante
864 3258 901 3298 ex
918 3249 1050 3314 tempore
1067 3239 1126 3314 ple·

135 3335 202 3395 nius
216 3336 255 3394 de
269 3353 306 3394 eo
320 3333 445 3394 scribere
459 3353 534 3410 quae
548 3335 640 3394 oculis
654 3334 717 3395 uidi
731 3347 761 3397 et
778 3335 895 3397 auribus
913 3336 1020 3398 audiui
1062 3337 1127 3397 finit

137 3431 176 3492 de
190 3429 273 3492 obitu
287 3429 399 3489 Bedani
413 3429 580 3507 presbyteri

950 3563 1044 3605 12-—2
