2592 3834
122 235 192 318 20]'
303 325 307 329 .
365 256 453 305 ores
472 256 522 303 m
539 255 645 305 cruz.
678 256 875 306 maneres.
1078 257 1116 319 57

121 384 234 461 posuit
274 385 377 464 habuit
397 387 520 445 alterum
540 388 657 445 fratrem
675 387 824 446 uocabulo
835 387 988 459 Vltanum,
1007 386 1059 463 qui
1079 386 1118 447 de

122 480 297 540 monasterii
318 481 493 557 probatione
517 482 655 540 diuturna
672 483 712 541 ad
730 481 931 541 heremiticam
944 494 1118 557 peruenerat

121 576 225 636 uitam
268 577 348 636 hunc
369 597 438 654 ergo
460 580 539 637 solus
561 590 667 654 petens
688 598 800 636 annum
821 588 917 637 totum
938 596 1007 636 cum
1029 596 1067 637 eo
1086 577 1118 637 in

123 674 309 735 continentia
341 686 370 735 et
400 674 582 735 orationibus
616 675 648 735 in
681 674 838 736 cotidianis
872 692 1014 733 manuum
1043 674 1119 735 uixit

86 771 283 848 5laboribus.
955 758 961 767 ¹

67 876 69 879 ’
187 866 268 927 Dein
285 868 432 927 turbatam
450 866 617 927 incursione
637 864 790 942 gentilium
808 862 993 942 prouinciam
1011 863 1118 925 uidens

122 973 154 1023 et
176 962 362 1023 monasteriis
386 981 504 1039 quoque
524 962 687 1039 periculum
706 960 851 1021 inminere
871 960 1054 1039 praeuidens,
1077 958 1119 1020 di-

122 1058 223 1118 missis
246 1058 380 1119 ordinate
402 1058 540 1119 omnibus
561 1057 713 1135 nauigauit
730 1057 867 1131 Galliam,
889 1055 990 1133 ibique
1011 1076 1031 1116 a
1050 1076 1118 1135 rege

122 1157 149 1213 F
149 1164 308 1215 raneomm
322 1154 458 1215 Hloduio
475 1156 524 1214 uel
540 1154 664 1233 patricio
683 1155 872 1213 Ercunualdo
885 1152 1119 1239 honorifice-sus·

68 1270 109 1311 10
123 1262 230 1327 ceptus
244 1250 454 1310 monasterium
468 1251 630 1310 construxit
645 1250 678 1309 in
695 1252 764 1310 loco
781 1249 942 1310 Latineaco
955 1248 1117 1323 nominato,

123 1366 161 1405 ac
184 1365 246 1406 non
266 1348 361 1405 multo
382 1356 449 1422 post
470 1345 638 1406 infirmitate
659 1357 810 1422 correptus
829 1346 910 1406 diem
931 1346 1035 1406 clausit
1055 1346 1120 1405 ulti-

122 1462 216 1504 mum.
258 1442 341 1501 cuius
362 1461 469 1518 corpus
486 1442 566 1502 idem
589 1443 794 1503 Ercunualdus
811 1441 950 1519 patricius
970 1440 1120 1518 accipiens

123 1540 255 1599 seruauit
268 1540 299 1599 in
313 1540 427 1615 porticu
442 1541 572 1615 quodam
590 1538 731 1598 ecclesiae
745 1556 833 1614 quam
852 1537 884 1596 in
901 1538 971 1596 uilla
988 1557 1049 1609 sua,
1070 1538 1119 1597 cui

122 1656 238 1696 nomen
252 1648 297 1696 est
308 1640 443 1709 Perrona,
455 1636 589 1707 iaciebat,
602 1636 699 1695 donec
712 1634 776 1710 ipsa
789 1633 913 1693 ecclesia
926 1633 1117 1694 dedicaretur.

69 1747 106 1807 15
123 1733 210 1809 quod
230 1734 302 1792 dum
320 1743 388 1808 post
406 1731 468 1790 dies
486 1731 565 1789 xxuii
584 1741 662 1791 esset
680 1733 788 1789 factum
804 1741 833 1789 et
847 1749 953 1807 corpus
970 1729 1067 1806 ipsum
1081 1732 1119 1790 de

123 1828 242 1907 porticu
256 1830 386 1888 ablatum
402 1847 494 1905 prope
510 1829 600 1887 altare
619 1838 696 1887 esset
714 1827 945 1899 recondendum,
965 1826 1119 1886 inuentum

124 1924 227 1985 est'ita
239 1924 373 1996 inlesum,
393 1942 428 1983 ac
446 1922 471 1981 si
489 1924 593 1983 eadem
611 1923 685 1981 hora
702 1924 739 1981 de
758 1923 815 1980 hac
830 1924 897 1981 luce
910 1922 1012 1981 fuisset
1025 1940 1119 1997 egres·

101 2048 103 2058 ·
125 2042 186 2083 sus·
227 2023 281 2081 sed
302 2031 332 2081 et
350 2031 420 2097 post
440 2038 533 2079 annos
552 2019 593 2077 iiii
611 2030 779 2078 constructa
797 2019 977 2078 domuncula
998 2017 1119 2077 cultiore

124 2118 260 2195 receptui
281 2117 411 2195 corporis
433 2117 565 2177 eiusdem
586 2118 625 2176 ad
643 2116 786 2176 orientem
808 2116 913 2187 altaris,
935 2116 1033 2180 adhuc
1055 2115 1119 2177 sine

74 2238 114 2275 20
126 2218 243 2275 macula
264 2213 457 2291 corruptionis
480 2213 635 2272 inuentum
661 2212 773 2273 ibidem
797 2213 888 2289 digno
915 2233 984 2272 cum
1006 2212 1117 2273 honore

126 2313 301 2371 translatum
320 2321 363 2370 est
372 2332 381 2384 ;
407 2310 459 2368 ubi
479 2308 582 2368 merita
603 2308 678 2367 illius
697 2308 797 2368 multis
816 2327 904 2386 saepe
926 2318 1041 2368 constat
1060 2309 1119 2369 deo

127 2418 270 2485 operante
288 2406 423 2466 claruisse
442 2404 605 2465 uirtutibus.
647 2405 722 2463 haec
740 2405 778 2463 de
794 2403 924 2481 corporis
943 2402 1006 2463 eius
1023 2402 1119 2463 incor-

126 2505 263 2581 ruptione
281 2503 409 2563 breuiter
429 2501 584 2578 attigimus,
607 2511 640 2559 ut
658 2509 768 2577 quanta
788 2512 864 2560 esset
883 2499 937 2559 uiri
956 2499 1118 2560 sublimitas

127 2598 292 2675 legentibus
318 2596 417 2657 notius
444 2598 587 2657 existeret,
637 2614 714 2671 quae
741 2607 847 2655 cuncta
873 2596 905 2654 in
931 2594 1031 2655 libello
1055 2594 1118 2654 eius

75 2726 91 2763 2
95 2722 112 2781 5
129 2696 316 2757 sufficientius
339 2697 392 2755 sed
413 2705 442 2755 et
464 2696 502 2755 de
523 2693 586 2753 aliis
600 2692 858 2755 ¹commilitonibus
878 2692 970 2771 ipsius
993 2690 1118 2769 quisque

128 2792 228 2869 legerit
241 2790 380 2851 inueniet
473 2847 476 2853 ,

590 3010 651 3069 XX

135 3148 341 3275 INTEREA
362 3146 502 3207 defuncto
524 3146 622 3206 Felice
645 3144 837 3207 Orientalium
858 3145 1021 3222 Anglorum
1045 3146 1119 3225 epis

187 3263 268 3321 copo
285 3254 354 3321 post
367 3264 387 3301 x
405 3253 434 3302 et
452 3242 493 3302 uii
511 3262 605 3303 annos
623 3241 738 3319 accepti
756 3241 950 3318 episcopatus,
966 3243 1118 3304 Honorius

77 3366 117 3424 30
129 3340 196 3401 loco
216 3338 280 3400 eius
302 3336 450 3399 ordinauit
470 3339 618 3397 Thomam
643 3337 801 3396 diaconum
822 3335 885 3395 eius
906 3337 947 3433 de
966 3338 1119 3415 prouincia

287 3468 409 3519 'aaut
417 3484 463 3520 ms.
722 3465 744 3499 '⁸
759 3467 958 3530 attingzamsms.
