2592 3834
118 222 172 306 ιο]
402 244 539 295 urrann
562 248 715 297 omno
736 248 838 297 aaut.
1075 253 1111 311 ³7

115 372 159 434 ad
174 370 335 449 hospitium
349 391 411 450 quo
424 388 616 451 proposuerat
629 377 771 437 accessit:
792 397 853 454 quo
867 378 939 438 dum
952 378 1113 454 adueniret,

115 467 238 528 inuenit
259 471 388 545 puellam
412 469 454 531 ibi
480 484 601 548 neptem
623 472 837 549 patrisfamilias
859 476 950 551 longo
973 474 1114 553 paralysis

115 564 228 641 morbo
240 576 391 639 granatam
400 585 409 638 3
430 576 543 625 etcum
560 567 716 627 familiares
735 569 842 629 domus
860 568 937 629 illius
956 571 994 629 de
1007 573 1115 631 acerba

116 662 236 736 puellae
251 661 418 723 infirmitate
438 664 502 740 ipso
516 676 671 742 praesente
689 680 886 742 quererentur,
900 668 999 745 coepit
1016 669 1113 729 dicere

78 774 98 832 5
118 757 169 815 ille
190 758 311 817 deloco
331 758 383 817 ubi
404 762 533 819 caballus
555 780 624 821 suus
644 775 722 822 esset
744 775 867 823 curatus.
911 764 981 840 quid
1000 768 1115 824 multa?

116 852 298 928 inponentes
322 872 388 913 eam
410 876 491 915 carro
513 858 659 917 duxerunt
685 860 723 917 ad
748 860 847 918 locum
874 859 1044 937 ibidemque
1065 864 1115 923 de-

114 946 290 1024 posuerunt
332 961 363 1008 at
384 950 433 1009 illa
453 951 551 1027 posita
570 952 600 1010 in
620 955 687 1013 loco
706 955 887 1015 obdormiuit
904 975 1068 1033 parumper,
1084 971 1114 1019 et

115 1048 171 1107 ubi
192 1046 339 1121 euigilauit
357 1060 491 1107 sanatam
510 1068 541 1109 se
560 1052 597 1109 ab
617 1049 668 1108 illa
688 1050 818 1127 corporis
838 1050 1031 1112 dissolutione
1049 1074 1114 1114 sen·

114 1144 197 1204 tiens
223 1147 370 1220 postulata
393 1166 471 1222 aqua
497 1146 562 1224 ipsa
592 1148 666 1208 lauit
692 1148 797 1208 faciem
825 1149 919 1209 crines
946 1152 1114 1227 composuit

54 1256 99 1294 ro
114 1247 211 1315 caput
231 1240 322 1301 linteo
342 1242 496 1319 cooperuit
515 1254 544 1303 et
562 1263 631 1303 cum
649 1244 695 1305 his
714 1244 767 1321 qui
787 1265 819 1305 se
838 1247 1022 1307 adduxerant
1042 1268 1112 1307 sana

114 1334 249 1410 pedibus
264 1335 432 1396 incedendo
446 1358 562 1397 reuersa
577 1350 628 1398 est

598 1576 628 1633 X

121 1707 309 1831 EODEM
331 1720 463 1786 tempore
484 1709 566 1770 uenit
586 1709 661 1769 alius
685 1708 805 1786 quidam
829 1710 867 1769 de
891 1710 1011 1770 natione
1034 1711 1113 1769 Bret-

225 1798 334 1865 tonum¹
344 1818 377 1866 ut
390 1808 485 1866 serunt
499 1806 677 1867 iterfaciens
690 1807 772 1866 iuxta
785 1806 881 1883 ipsum
896 1809 994 1866 locum
1008 1806 1038 1864 in
1053 1826 1113 1881 quo

54 1918 95 1977 15
112 1903 250 1979 praefata
272 1914 333 1961 erat
353 1922 453 1979 pugna
473 1903 629 1978 completa,
651 1913 682 1961 et
701 1901 777 1961 uidit
796 1901 883 1960 unius
903 1902 962 1960 loci
983 1900 1109 1977 spatium

113 2010 219 2059 cetero
253 2018 360 2075 campo
394 1998 515 2058 uiridius
545 2018 581 2057 ac
615 1998 766 2058 uenustius
777 2018 787 2072 ;
824 1998 981 2074 coepitque
1015 1996 1112 2073 sagaci

113 2096 220 2155 animo
248 2095 383 2155 conicere
405 2096 486 2172 quod
509 2095 591 2153 nulla
614 2106 691 2154 esset
712 2095 770 2154 alia
791 2114 880 2153 causa
902 2094 1036 2154 insolitae
1061 2095 1112 2153 illo

113 2190 148 2249 in
169 2191 239 2251 loco
259 2189 413 2249 uiriditatis
429 2189 487 2249 nisi
503 2188 573 2265 quia
590 2189 701 2250 ibidem
722 2189 849 2250 sanctior
867 2201 965 2249 cetero
984 2190 1112 2248 exercitu

53 2296 62 2312 ·
114 2287 162 2345 uir
178 2285 285 2363 aliquis
301 2287 402 2345 fuisset
420 2286 596 2345 interfectus.
638 2286 706 2344 tulit
719 2285 818 2361 itaque
833 2286 870 2345 de
884 2287 1004 2362 puluere
1018 2296 1112 2346 terrae

57 2405 101 2444 20
116 2383 197 2443 illius
216 2402 317 2441 secum
337 2378 462 2457 inligans
480 2379 511 2439 in
531 2379 632 2453 linteo,
652 2382 785 2457 cogitans
803 2383 884 2457 quod
901 2383 1029 2441 futurum
1050 2396 1112 2443 erat

117 2479 190 2555 quia
210 2479 249 2537 ad
271 2478 428 2536 medellam
447 2478 655 2538 infirmantium
674 2478 755 2537 idem
774 2476 872 2554 puluis
889 2479 1061 2553 proficeret3
1083 2489 1111 2537 et

116 2594 244 2651 pergens
266 2574 368 2632 itinere
395 2593 450 2633 suo
477 2574 612 2650 peruenit
630 2575 670 2633 ad
697 2574 796 2633 uicum
817 2575 967 2649 quendam
988 2594 1111 2651 uespere

117 2671 296 2747 intrauitque
314 2670 345 2729 in
362 2671 483 2730 domum
498 2670 529 2729 in
544 2690 603 2748 qua
617 2669 714 2729 uicani
728 2680 886 2729 caenantes
901 2672 1112 2745 epulabantur;

119 2778 148 2827 et
169 2777 323 2842 susceptus
345 2785 364 2824 a
385 2765 512 2826 dominis
531 2767 638 2825 domus
660 2764 769 2824 resedit
787 2776 817 2825 et
835 2763 898 2841 ipse
921 2784 989 2824 cum
1010 2765 1051 2824 eis
1072 2768 1111 2825 ad

63 2880 103 2939 25
121 2861 299 2934 conuiuium,
320 2857 492 2937 adpendens
515 2860 669 2926 linteolum
689 2879 758 2919 cum
778 2861 899 2935 puluere
920 2880 1009 2936 quem
1029 2863 1112 2920 adtu-

121 2956 243 3017 lerat‘in
263 2976 323 3016 una
342 2968 428 3033 posta
451 2956 576 3034 parietis·
618 2976 745 3036 cumque
772 2955 882 3014 diutius
906 2955 998 3031 epulis
1021 2968 1110 3031 atque

123 3052 253 3119 ebrietati
280 3064 419 3112 uacarent
437 3073 565 3113 accenso
584 3052 688 3129 grandi
714 3052 783 3129 igne
808 3052 838 3112 in
862 3052 970 3125 medi0‚
987 3052 1110 3129 contigit

122 3149 287 3209 uolantibus
314 3148 345 3207 in
372 3150 464 3208 altum
492 3147 624 3209 scintillis
652 3149 770 3208 culmen
803 3150 910 3209 domus
940 3148 1021 3223 quod
1050 3159 1110 3208 erat

123 3244 207 3321 uirgis
229 3224 400 3304 contextum
423 3264 459 3304 ac
484 3246 573 3315 foeno
595 3256 706 3304 tectum
727 3243 885 3304 subitaneis
909 3243 1034 3303 flammis
1057 3244 1111 3303 im·

63 3359 108 3417 30
124 3340 201 3415 pleri.
247 3340 329 3417 quod
355 3360 424 3399 cum
451 3352 572 3417 repente
602 3340 748 3400 conuiuae
774 3348 881 3399 terrore
906 3337 1020 3399 confusi
1043 3358 1111 3398 con·

278 3449 392 3519 ”acmca
402 3468 449 3502 rus.
732 3438 895 3499 lobdamm't
905 3463 950 3495 ms.
