2592 3834
143 239 199 309 ¹48
232 282 236 291 ι
273 250 408 301 aanx‘s
425 249 648 300 xurnonrrr
666 249 737 298 roa
762 249 839 298 raa
860 247 986 298 sronr.
1070 226 1132 310 [IV

139 378 281 452 fessionis,
303 377 546 455 quotiescumque
570 386 688 449 uacant,
711 374 844 436 texendis
867 373 1065 434 subtilioribus
1088 372 1130 431 in-

141 475 286 535 dumentis
300 491 419 549 operam
435 473 517 542 dant,
537 471 643 546 quibus
661 481 712 530 aut
733 490 764 530 se
780 471 858 547 ipsas
874 471 912 529 ad
929 469 1025 528 uicem
1045 488 1130 545 spon-

141 550 282 629 sarum'in
295 567 457 644 periculum
476 567 521 625 sui
542 577 633 625 status
652 567 795 625 adornent
814 575 863 624 aut
876 575 1061 639 externorum
1075 561 1131 623 sibi

139 663 269 723 uirorum
289 660 449 721 amicitiam
471 670 655 737 comparent.
695 662 775 719 unde
796 659 901 720 merito
924 661 992 718 loeo
1011 659 1081 717 huic
1101 670 1131 718 et

140 755 353 817 habitatoribus
366 753 429 813 eius
441 752 538 830 grauis
556 755 594 813 de
612 756 695 813 caelo
713 754 845 815 uindicta
862 753 987 812 flammis
1001 753 1131 812 saeuien·
1163 782 1179 840 5

140 853 219 911 tibus
231 861 402 928 praeparata
415 852 477 910 est'
494 882 496 893 =
518 851 591 910 dixit
603 862 703 910 autern
721 850 885 909 abbatissa:
908 855 953 908 ‘et
967 867 1061 923 quare
1068 867 1130 907 non

140 947 225 1006 citius
242 948 300 1005 hoe
316 956 490 1020 conpertum
506 945 579 1004 milri
597 947 726 1005 reuelare
743 945 901 1004 uoluistii’
942 943 993 1020 qui
1014 962 1132 1019 respon-

141 1043 203 1103 dit:
234 1041 335 1101 ‘timui
361 1052 480 1118 propter
505 1042 699 1101 reuerentiam
725 1053 815 1116 tuam,
843 1062 880 1102 ne
906 1044 980 1102 sorte
1006 1041 1130 1101 nimium

141 1137 373 1198 conturbareris:
398 1150 428 1196 et
445 1149 545 1197 tamen
562 1139 640 1195 hanc
658 1137 889 1198 consolationem
910 1139 1027 1209 habeas
1049 1125 1130 1212 quod

141 1234 172 1292 in
191 1233 295 1293 diebus
312 1233 370 1292 tuis
389 1233 462 1291 haec
480 1235 566 1308 plaga
585 1252 651 1310 non¹
663 1233 865 1309 superueniet.’
906 1253 965 1308 qua
983 1232 1131 1308 diuulgata
1146 1261 1181 1300 10

142 1329 255 1388 uisione
275 1328 488 1404 aliquantulum
508 1326 567 1386 loci
585 1329 704 1386 accolae
726 1327 827 1403 paucis
849 1327 954 1388 diebus
976 1326 1078 1386 timere
1101 1338 1131 1385 et

142 1423 254 1499 seipsos
275 1422 445 1482 intermissis
463 1421 639 1482 facinoribus
658 1423 798 1498 castigare
818 1433 986 1498 coeperunt.
1028 1441 1130 1481 uerum

57 1557 61 1563 =
141 1533 210 1598 post
225 1521 339 1581 obitum
354 1519 445 1594 ipsius
463 1519 628 1578 abbatissae
646 1519 795 1578 rediemnt
812 1521 852 1578 ad
869 1517 1004 1594 pristinas
1021 1520 1129 1588 sordes

142 1619 233 1676 immo
250 1614 432 1675 sceleratiora
444 1616 582 1674 fecerunt.
621 1626 651 1674 et
670 1621 737 1673 curn
756 1613 887 1674 dicerent
903 1617 972 1690 ‘pax
985 1626 1014 1675 et
1028 1600 1131 1674 securi-

142 1717 204 1786 tas‚'
218 1713 359 1788 extimplo
372 1712 517 1786 praefatae
531 1710 650 1770 ultionis
663 1722 731 1770 sunt
744 1729 842 1786 poena
854 1710 976 1772 multati.
1000 1732 1002 1736 ¹
1081 1717 1085 1722 '
1147 1738 1179 1796 15

203 1811 289 1884 Quae
308 1806 381 1866 mihi
401 1817 508 1865 cuncta
528 1806 570 1866 sic
593 1827 657 1866 esse
677 1807 755 1867 facta
776 1807 1026 1867 reuerentissimus
1047 1826 1130 1867 meus

143 1906 360 1980 compresbyter
371 1901 493 1978 Aedgils
511 1904 660 1974 referebat,
679 1902 730 1978 qui
748 1914 820 1963 tunc
837 1903 869 1962 in
886 1904 937 1964 illo
955 1905 1131 1965 monasterio

144 2002 277 2078 degebat,
298 2009 403 2076 postea
422 2010 529 2071 autem,
544 1999 761 2060 discedentibus
779 2000 848 2061 inde
865 2003 905 2060 ob
919 2002 1130 2074 desolationem

142 2097 275 2176 plurimis
296 2097 464 2169 incolarum,
486 2094 518 2154 in
537 2106 638 2155 nostro
659 2095 835 2156 monasterio
854 2095 980 2172 plurimo
1000 2106 1132 2172 tempore

144 2203 332 2254 conuersatus
355 2191 525 2266 ibidemque
551 2191 707 2250 defunctus
729 2202 779 2250 est.
821 2193 895 2250 haec
921 2191 990 2250 ideo
1016 2203 1132 2252 nostrae
1146 2217 1182 2257 20

144 2289 280 2348 historiae
301 2287 457 2346 inserenda
479 2285 665 2358 credidimus
691 2296 723 2345 ut
744 2287 969 2345 admoneremus
993 2289 1132 2348 lectorem

145 2404 267 2461 operum
293 2382 414 2456 domini,
442 2401 532 2458 quam
565 2381 699 2441 terribilis
725 2382 756 2441 in
783 2381 911 2442 consiliis
945 2402 1032 2459 super
1057 2383 1132 2443 filios

145 2481 316 2540 hominum:
349 2487 388 2538 ne
410 2481 484 2538 forte
507 2497 562 2538 nos
586 2489 719 2555 tempore
742 2479 841 2556 aliquo
864 2479 958 2538 carnis
979 2479 1132 2540 inlecebris

145 2574 304 2635 seruientes
317 2574 473 2650 minusque
486 2573 535 2633 dei
549 2573 691 2633 iudicium
704 2574 893 2634 formidantes
906 2575 1057 2650 repentina
1070 2574 1133 2634 eius

145 2672 188 2732 ira
213 2670 348 2746 corripiat
375 2680 404 2730 et
430 2671 479 2728 uel
505 2671 714 2746 temporalibus
742 2671 857 2731 damnis
890 2671 965 2731 iuste
999 2669 1183 2750 saeuiens‘25

57 2786 58 2789 ’
145 2768 252 2845 affligat
265 2769 313 2828 uel
330 2769 370 2827 ad
387 2778 558 2844 perpetuam
576 2767 771 2844 perditionem
790 2767 946 2828 districtius
965 2767 1133 2828 examinans

145 2868 237 2926 tollat.
317 2867 323 2876 ’

574 3007 704 3091 [XXVI]

209 3136 299 3195 NNO
325 3132 500 3193 Dominicae
526 3131 733 3192 incarnationis
760 3130 914 3205 dclxxxiiii,
941 3131 1058 3208 Ecgsrid
1085 3151 1136 3191 rex

230 3232 551 3308 Nordanhymbrorum,
582 3230 673 3289 misso
708 3227 881 3289 Hiberniam
908 3247 976 3286 cum
1010 3228 1136 3288 exercitu
1150 3261 1187 3316 30

146 3329 223 3386 duce
245 3327 359 3399 Bercto,
381 3323 507 3384 uastauit
533 3323 638 3384 misere
664 3335 783 3400 gentem
806 3323 955 3392 innoxiam
975 3334 1005 3383 et
1024 3324 1136 3384 nationi

177 3465 200 3499 ¹⁰
215 3466 326 3514 drama
413 3462 434 3496 ²⁸
450 3466 564 3514 desc-ms
654 3461 676 3495 ²⁸
692 3463 763 3511 dertr-
776 3478 821 3512 ms.
919 3462 1125 3514 ²¹8XXIJIlms.
