2592 3834
148 193 306 284 (²4)=22]
317 205 1070 272 arroassroausuaJacrsrorursmarus.
1089 211 1143 269 143

148 366 247 423 neque
270 348 348 408 eninr
373 355 497 424 possunt
520 342 659 415 carmina,
683 342 817 420 quamuis
839 342 950 420 optime
972 344 1145 421 composita,

149 463 187 519 err
208 443 265 503 alia
286 444 318 504 in
341 444 429 503 aliam
452 443 584 520 linguam
606 445 645 502 ad
667 443 791 502 uerbum
812 441 876 501 sine
900 442 1077 503 detrimento
1101 443 1146 504 sui

149 540 264 601 decoris
284 561 321 601 ac
336 541 487 621 dignitatis
510 539 664 601 transferri.
707 559 864 615 exsurgens
885 549 983 598 autem
1001 560 1020 599 a
1040 559 1146 600 somno
1206 585 1208 590 ·

150 647 257 696 cuncta
275 656 351 713 quae
370 636 520 720 dormiens
537 645 707 695 cantauerat
727 633 896 694 memoriter
913 633 1040 709 retinuit,
1056 647 1085 696 et
1104 637 1147 696 eis

119 749 220 809 5mox
242 735 327 810 plura
350 732 383 793 in
405 734 533 794 eundem
557 732 681 792 modum
703 733 794 791 uerba
822 732 879 791 deo
902 731 984 808 digni
1010 733 1147 794 carminis

150 829 293 889 adiunxit.

210 923 402 999 Veniensque
416 941 505 982 mane
518 922 558 981 ad
572 920 692 981 uilicum
707 920 758 997 qui
771 920 828 982 sibi
841 933 980 998 praeerat,
991 922 1065 1000 quid
1075 922 1147 984 doni

149 1019 331 1098 ¹percepisset
343 1018 495 1091 indicauit,
508 1003 665 1093 atque'ad
675 1018 856 1078 abbatissam
874 1021 1034 1095 perductus
1052 1020 1147 1080 iussus

77 1177 85 1188 ,
151 1131 196 1178 est
212 1117 314 1178 multis
333 1115 517 1177 doctioribus
536 1114 607 1174 uiris
627 1114 832 1191 praesentibus
850 1113 980 1176 indicare
999 1117 1147 1177 somnium

102 1232 138 1271 10
152 1225 182 1274 et
206 1214 304 1273 dicere
328 1231 456 1279 carmen,
476 1221 510 1270 ut
532 1208 737 1269 uniuersorum
761 1209 879 1284 iudicio,
903 1212 977 1287 quid
997 1214 1046 1273 uel
1067 1215 1147 1274 unde

152 1319 231 1369 esset
257 1309 340 1385 quod
367 1307 517 1378 referebat,
542 1306 721 1381 probaretur.
764 1305 920 1382 uisumque
943 1319 988 1366 est
1009 1307 1147 1368 omnibus

152 1406 311 1464 caelestem
325 1402 352 1463 ei
366 1423 385 1462 a
398 1401 521 1462 domino
535 1419 708 1460 concessam
719 1419 782 1459 esse
791 1400 928 1476 gratiam3
950 1404 1149 1479 exponebant·

154 1517 212 1575 que
225 1498 268 1558 illi
282 1499 433 1574 quendam
448 1515 546 1557 sacrae
560 1495 700 1554 historiae
717 1495 780 1554 siue
800 1495 951 1555 doctrinae
970 1517 1145 1570 sermonem,

152 1595 366 1671 praecipientes
381 1613 459 1667 eum,
470 1591 495 1652 si
509 1603 618 1670 posset,
627 1594 707 1651 hunc
721 1592 752 1650 in
765 1593 998 1654 modulationem
1012 1596 1148 1656 carminis

105 1711 138 1770 15
154 1693 318 1753 transferre.
359 1700 390 1750 at
408 1690 457 1750 ille
479 1699 618 1765 suscepto
639 1690 760 1765 negotio
781 1690 860 1762 abiit,
882 1701 911 1749 et
927 1711 1015 1751 mane
1031 1693 1148 1754 rediens

154 1788 267 1864 optimo
281 1786 411 1846 carmine
426 1786 508 1861 quod
521 1784 677 1844 iubebatur
689 1787 885 1863 compositum
899 1787 1042 1848 reddidit,
1068 1791 1149 1850 unde

153 1903 225 1942 mox
237 1882 386 1943 abbatissa
399 1883 566 1958 amplexata
579 1890 624 1940 est
636 1883 760 1958 gratiam
774 1883 822 1943 dei
836 1882 867 1942 ln
879 1883 941 1943 uiro
947 1905 956 1958 ;
970 1887 1149 1944 saecularem

154 1977 237 2037 illum
250 1977 385 2037 habitum
398 1975 564 2052 relinquere
579 1987 609 2036 et
623 1977 830 2036 monachicum
852 1979 999 2055 suscipere
1019 1979 1149 2056 proposi·

133 2073 229 2135 'tum
243 2074 353 2146 docuit,
376 2059 658 2149 susceptumque'in
683 2074 895 2134 monasterium
920 2094 989 2134 curn
1011 2075 1149 2136 omnibus

105 2193 142 2230 20
156 2173 215 2231 suis
229 2172 349 2230 fratrum
363 2168 478 2228 cohorti
492 2168 657 2229 adsociauit
671 2169 814 2246 iussitque
833 2169 916 2229 illum
931 2170 1035 2230 seriem
1049 2191 1149 2232 sacrae

155 2268 293 2327 historiae
321 2264 429 2325 doceri
446 2256 461 2303 ¹
471 2276 502 2325 at
528 2265 591 2342 ipse
618 2277 727 2326 cuncta
754 2287 830 2343 quae
857 2268 1006 2328 audiendo
1035 2269 1147 2331 discere

155 2373 272 2440 poterat
284 2361 511 2420 rememorando
525 2380 626 2420 secum
639 2371 670 2421 et
684 2361 769 2437 quasi
783 2364 928 2422 mundum
942 2363 1051 2424 animal
1064 2365 1150 2425 rumi-

148 2462 257 2519 ¹nando
271 2459 303 2518 iu
317 2477 435 2518 carmen
450 2457 653 2518 dulcissimum
668 2460 868 2532 conuertebat,
884 2461 1060 2538 suauiusque
1074 2483 1151 2524 reso

156 2559 258 2617 nando
272 2557 409 2616 doctores
424 2573 493 2614 suos
507 2553 636 2613 uicissim
644 2554 795 2614 auditores
803 2555 848 2614 sui
858 2555 991 2616 faciebat.
1024 2560 1150 2618 canebat
1165 2590 1170 2596 ·

107 2680 122 2717 2
127 2676 143 2736 5
157 2663 256 2712 autem
271 2653 309 2712 de
323 2651 472 2710 creatione
485 2649 590 2708 mundi
604 2661 634 2709 et
648 2650 759 2726 origine
773 2650 894 2709 humani
907 2651 1022 2727 generis
1041 2664 1071 2713 et
1087 2664 1150 2714 tota

122 2827 128 2835 ι
157 2752 273 2829 genesis
287 2749 417 2822 historia,
433 2750 471 2808 de
486 2767 604 2824 egressu
619 2749 710 2806 Israel
725 2767 762 2807 ex
775 2751 912 2824 Aegypto
927 2759 956 2808 et
969 2747 1101 2826 ingressu
1119 2751 1150 2810 in
1169 2770 1171 2774 ’
1245 2803 1247 2815 ,

158 2861 266 2910 terram
292 2845 534 2924 repromissionis,
559 2845 598 2904 de
621 2845 685 2904 aliis
709 2828 843 2921 plurimis
867 2865 966 2906 sacrae
993 2848 1150 2924 scripturae

159 2945 295 3019 historiis,
310 2946 348 3005 de
362 2941 563 3003 incarnatione
577 2940 728 3002 dominica
741 2942 879 3017 passione
893 2942 1102 3004 resurrectione
1121 2957 1151 3005 et

159 3041 333 3104 ascensione
346 3039 378 3099 in
392 3039 514 3111 caelum,
529 3038 567 3096 de
582 3036 698 3113 spiritus
713 3036 807 3096 sancti
819 3038 950 3097 aduentu
965 3042 1151 3114 etapostolo-

110 3158 226 3215 3orum
253 3134 395 3196 doctrina
437 3133 509 3192 item
536 3132 575 3191 de
602 3141 711 3190 terrore
739 3130 827 3190 futuri
851 3131 953 3191 iudicii
979 3143 1009 3192 et
1032 3135 1151 3196 horrore

160 3251 276 3312 poenae
299 3227 470 3307 gehennalis
493 3247 529 3288 ac
550 3227 710 3287 dulcedine
730 3226 812 3303 regni
829 3227 963 3288 caelestis
982 3230 1075 3288 multa
1093 3250 1151 3290 car·

161 3329 243 3404 mina
260 3325 468 3405 faciebatsed
485 3334 515 3388 et
533 3322 591 3384 alia
608 3324 744 3400 perplura
763 3319 801 3384 de
820 3323 971 3386 beneficiis
991 3335 1021 3390 et
1037 3324 1152 3388 iudiciis

579 3435 601 3470 '⁰
616 3438 677 3488 usit
691 3453 737 3490 ms.
