2592 3834
194 295 249 349 124
448 293 567 343 synon
585 295 632 344 oa
643 295 908 347 asseramur.
1117 279 1177 365 [IV

188 433 302 492 chorus.
337 434 392 493 hos
405 434 505 510 itaque
519 447 675 511 sequentes
689 455 744 495 nos
756 437 805 513 pie
819 453 907 515 atque
922 439 1084 501 orthodoxe
1098 440 1176 502 iuxta

146 589 150 594 ,
189 527 329 587 diuinitus
356 529 525 604 inspiratam
553 531 718 589 doctrinam
746 552 847 592 eorum
881 535 1003 610 professi
1031 539 1176 598 credimus

188 636 384 685 consonanter
398 638 427 686 et
440 629 613 686 confitemur
627 629 791 686 secundum
806 641 921 689 sanctos
940 644 1045 706 patres,
1061 635 1175 711 proprie

189 732 219 780 et
232 722 373 781 ueraciter
387 734 499 797 patrem
514 724 648 782 etlilium
663 734 693 782 et
713 723 846 800 spiritum
866 737 999 784 sanctum
1017 729 1175 790 trinitatem

188 815 219 875 in
233 817 343 874 unitate
357 817 636 875 consubstantialem
651 827 680 876 et
696 817 838 877 unitatem
857 819 887 877 in
905 820 1039 892 trinitate,
1055 824 1117 882 hoc·
1131 837 1174 886 est
1207 833 1224 894 5

186 931 279 970 unum
294 913 383 972 deum
397 913 429 972 in
447 913 537 972 tribus
554 913 749 972 subsistentiis
769 916 817 974 uel
837 917 970 991 personis
987 922 1175 980 consubstan-

187 1008 304 1067 tialibus
325 1007 455 1084 aequalis
474 1007 583 1084 gloriae
606 1019 635 1067 et
657 1009 792 1068 honoris?
835 1021 863 1069 et
880 1021 947 1087 post
969 1014 1062 1070 multa
1079 1013 1175 1074 huius-

186 1103 269 1161 modi
288 1121 363 1176 quae
385 1104 424 1161 ad
445 1114 542 1162 rectae
565 1103 634 1162 fidei
653 1103 868 1172 consessionem
884 1106 1077 1180 pertinebant,
1101 1111 1174 1168 haec

186 1214 306 1271 quoque
333 1208 434 1254 sancta
461 1199 590 1272 synodus
618 1197 677 1256 suis
704 1199 805 1257 litteris
839 1200 939 1258 addit:
976 1201 1174 1278 ‘suscepimus

186 1301 302 1349 sanctas
324 1303 354 1349 et
375 1291 553 1350 uniuersales
575 1292 706 1368 quinque
735 1294 863 1368 synodos
887 1296 1039 1354 beatorum
1064 1308 1092 1356 et
1115 1299 1173 1359 deo
1190 1313 1225 1349 10

185 1386 409 1461 acceptabilium
437 1398 570 1463 patrum3
603 1387 633 1446 id
662 1398 705 1447 est
733 1389 783 1464 qui
811 1388 841 1446 in
869 1390 981 1449 Nicaea
1008 1393 1174 1468 congregati

185 1482 302 1540 suerunt
316 1501 387 1542 cccx
401 1494 430 1541 et
449 1482 500 1541 uiii
514 1495 617 1547 contra
635 1484 751 1541 Arrium
769 1483 972 1559 impiissimum
994 1497 1022 1545 et
1042 1487 1173 1547 eiusdem

185 1581 333 1656 dogmata,
349 1590 379 1638 et
397 1579 428 1637 in
448 1579 707 1655 Constantinopoli
721 1583 748 1638 cl
765 1592 870 1639 contra
887 1583 1055 1640 uaesaniam
1075 1586 1174 1642 Mace-

185 1676 258 1735 doni
285 1685 314 1733 et
341 1673 469 1733 Eudoxii
496 1686 525 1733 et
553 1693 655 1733 eorum
682 1677 828 1752 dogmata,
858 1689 887 1736 et
913 1678 944 1735 in
968 1680 1055 1737 Efeso
1077 1679 1172 1753 primo

185 1771 379 1830 ducentorum
406 1781 508 1827 contra
534 1770 745 1844 nequissimum
773 1774 942 1831 Nestorium
978 1784 1006 1834 et
1041 1774 1171 1834 eiusdem
1188 1784 1221 1842 15

185 1865 330 1940 dogmata,
354 1875 383 1922 et
405 1864 436 1921 in
459 1864 627 1923 Calcedone
648 1865 733 1923 dcrum
754 1876 783 1924 et
811 1886 867 1924 xxx
887 1879 990 1926 contra
1018 1871 1170 1944 Eutychen

185 1973 215 2020 et
238 1959 405 2019 Nestorium
426 1971 455 2019 et
476 1980 578 2020 eorum
600 1963 757 2038 dogmata3
780 1974 811 2021 et
830 1963 934 2022 iterum
954 1965 985 2022 in
1006 1965 1171 2025 Constanti-

184 2053 285 2130 nopoli
299 2055 401 2130 quinto
416 2057 582 2132 congregati
596 2068 665 2116 sunt
679 2057 804 2117 concilio
824 2058 854 2116 in
872 2069 1003 2134 ternpore
1018 2060 1171 2121 Iustiniani

184 2151 304 2211 minoris
318 2164 419 2210 contra
437 2153 628 2211 Theodorum
646 2164 675 2212 et
694 2155 875 2214 Theodoreti
896 2166 925 2215 et
948 2158 1018 2215 ibae
1033 2155 1173 2232 epistulas

184 2259 214 2307 et
241 2267 342 2306 eorum
366 2249 505 2324 dogmata
526 2260 628 2308 contra
645 2249 806 2325 Cyrillum.’
847 2261 877 2310 et
898 2253 986 2327 paulo
1007 2264 1092 2328 post:
1124 2259 1170 2314 ‘et
1184 2269 1221 2306 20

185 2345 329 2420 synodum
353 2363 428 2420 quae
448 2346 525 2403 facta
541 2357 586 2404 est
604 2347 634 2403 in
655 2347 726 2404 urbe
746 2347 845 2404 Roma
858 2346 889 2404 in
904 2358 1034 2422 tempore
1049 2348 1170 2408 Martini

183 2461 278 2519 papae
301 2440 459 2500 beatissimi
487 2441 647 2502 indictione
681 2441 747 2500 uiiia
779 2441 941 2518 imperante
976 2445 1170 2505 Constantino

183 2538 314 2616 piissimo
327 2557 406 2596 anno
425 2558 505 2597 nono
524 2539 712 2614 suscepimus.
756 2550 785 2599 et
807 2539 999 2616 glorificamus
1016 2541 1168 2601 dominum

183 2645 316 2695 nostrum
331 2636 439 2705 Iesum,
454 2634 530 2694 si'cut
543 2633 591 2693 isti
610 2634 853 2710 glorificauerunt‚
871 2635 942 2692 nihil
959 2637 1101 2695 addentes
1120 2639 1168 2696 uel

184 2730 385 2789 subtrahentes
395 2750 404 2802 ;
424 2740 453 2788 et
470 2729 750 2790 anathematizamus
774 2732 863 2790 corde
888 2740 917 2788 et
935 2749 985 2790 ore
1007 2749 1080 2806 quos
1102 2751 1169 2788 ana·
1182 2751 1196 2788 2
1201 2747 1217 2806 5

184 2825 404 2889 thematizarunt
417 2838 447 2886 et
460 2844 535 2901 quos
549 2836 739 2902 susceperunt
753 2825 935 2902 suscepimus
949 2848 955 2884 :
975 2826 1168 2902 glorificantes
1203 2855 1206 2864 ¹

184 2925 273 2984 deum
288 2934 400 3000 patrem
418 2922 481 2982 sine
497 2923 581 2982 initio
599 2934 628 2982 et
652 2921 742 2980 filium
762 2923 824 2981 eius
843 2921 1025 2998 unigenitum
1045 2932 1073 2981 et
1087 2932 1168 2997 patre

182 3032 353 3098 generatum
371 3030 440 3078 ante
461 3020 578 3078 saecula
599 3030 629 3078 et
648 3017 781 3096 spiritum
803 3029 937 3078 sanctum
959 3018 1167 3094 procedentem

183 3135 220 3175 ex
236 3126 319 3191 patre
333 3125 363 3172 et
376 3114 436 3173 filio
449 3114 685 3186 inenarrabiliter,
695 3113 769 3173 sicut
782 3105 1024 3190 piaedicauerunt
1038 3112 1077 3186 hi,
1093 3129 1167 3189 quos

183 3211 409 3273 memorauimus
434 3231 528 3288 supra,
553 3211 646 3270 sancti
669 3210 793 3286 apostoli
817 3221 847 3270 et
870 3211 1030 3286 prophetae
1050 3219 1079 3268 et
1098 3210 1167 3268 doc·
1179 3233 1217 3289 30

183 3317 267 3367 tores.
310 3317 340 3365 et
366 3325 421 3365 nos
448 3325 550 3366 omnes
578 3305 807 3381 subscripsimus,
836 3303 887 3381 qui
914 3323 982 3362 cum
1009 3303 1167 3364 Theodoro

182 3401 402 3478 archiepiscopo
414 3403 503 3462 fidem
518 3403 691 3462 catholicam
706 3401 909 3478 exposuimus!
1162 3409 1163 3414 ’

261 3515 435 3566 ‘subsistenti
451 3531 495 3566 ms
637 3513 659 3545 ²⁶
674 3515 823 3586 detrahentes
833 3531 862 3578 pr
873 3528 938 3562 man.
950 3512 1026 3562 subtr·
1037 3528 1085 3563 sec.
