2592 3834
107 233 154 317 26]
315 252 472 300 mauors
493 252 605 309 cano,
632 252 741 309 Tuon,
763 246 875 301 ΕΑΤΑ.
1058 252 1093 315 77

102 382 176 440 lacta
195 391 240 440 est
256 392 355 440 autem
369 380 443 439 haec
463 378 596 457 quaestio
616 399 695 440 anno
711 380 878 440 dominicae
891 379 1097 443 incarnationis

103 476 232 547 dclxiiii0,
248 476 299 553 qui
313 476 366 535 suit
380 494 475 535 annus
490 476 585 537 Osuiu
600 476 677 551 regis
693 476 785 548 axile,
799 474 985 552 episcopatus
997 489 1096 537 autem

102 570 267 631 Scottorum
290 591 381 649 quem
406 584 558 649 gesserunt
583 572 615 630 iu
641 572 794 648 prouincia
815 573 978 649 Anglorum
1001 593 1096 635 annus

101 673 179 727 xxx¹¹³
187 692 196 743 5
217 670 364 747 siquidem
378 668 477 729 Aidan
492 690 510 727 x
524 681 554 729 et
567 670 609 729 uii
622 669 716 744 annis,
732 669 826 729 Finan
840 671 954 745 decem,
969 673 1096 732 Colman

76 788 90 845 5
103 762 189 823 tribus
204 764 408 840 episcopatum
422 776 551 824 tenuere.

158 862 292 918 Reuerso
311 872 409 919 autem
428 860 552 936 patriam
568 862 724 932 Colmano,
739 861 868 937 suscepit
882 880 937 938 pro
955 861 1007 921 illo
1023 882 1096 939 pon·

102 955 241 1015 tilicatum
255 958 283 1015 N
287 958 570 1035 ordanhymbrorum
587 959 714 1016 famulus
731 958 840 1018 Christi
859 960 954 1031 Tuda‚
969 959 1020 1035 qui
1034 973 1095 1019 erat

103 1054 178 1128 apud
199 1055 317 1113 Scottos
335 1054 479 1113 austrinos
500 1053 630 1114 eruditus
650 1064 739 1129 atque
759 1056 911 1114 ordinatus
930 1056 1093 1133 episcopus,

102 1150 210 1209 habens
238 1150 319 1209 iuxta
350 1170 463 1209 morem
490 1150 661 1227 prouinciae
687 1151 765 1211 illius
791 1172 931 1213 coronam
957 1167 1096 1216 tonsurae

63 1266 92 1304 ιο
103 1246 314 1306 ecclesiasticae
345 1259 373 1307 et
404 1248 579 1307 catholicam
614 1249 755 1325 temporis
788 1252 932 1326 paschalis
964 1254 1095 1329 regulam

103 1343 268 1416 obseruaus,
291 1343 336 1401 uir
356 1343 477 1419 quidem
494 1344 590 1404 bonus
608 1363 644 1403 ac
665 1344 825 1420 religiosus,
848 1348 901 1405 sed
922 1348 1094 1423 permodico

103 1452 231 1519 tempore
246 1443 400 1503 ecclesiam
414 1462 526 1518 regens
560 1455 682 1504 uenerat
692 1456 793 1508 autem
805 1446 842 1504 de
853 1446 962 1505 Scottia
975 1458 1095 1507 tenente

103 1539 196 1598 adhuc
209 1540 413 1615 pontificatum
428 1542 582 1612 Colman0,
599 1552 628 1600 et
645 1541 799 1618 diligenter
812 1562 848 1601 ea
861 1562 936 1619 quae
950 1545 989 1604 ad
1004 1545 1094 1604 fidem

103 1647 129 1695 et
148 1638 301 1697 ueritatem
321 1638 468 1714 pertinent
489 1648 518 1697 et
540 1640 631 1697 uerbo
652 1650 776 1698 cunctos
800 1640 925 1699 docebat
945 1651 975 1699 et
995 1660 1091 1717 opere

64 1742 91 1801 15
102 1749 185 1805 porro
197 1732 341 1805 fratribus
360 1732 455 1809 quiin
470 1732 702 1792 Lindisfamensi
720 1732 844 1792 ecclesia
862 1733 968 1793 Scottis
986 1737 1095 1794 abeun-

102 1828 175 1887 tibus
197 1848 348 1888 remanere
368 1830 540 1902 maluerunt,
564 1829 747 1905 praepositus
768 1840 812 1888 est
830 1829 944 1889 abbatis
965 1829 1028 1889 iure
1049 1830 1095 1887 uir

102 1924 350 1984 reuerentissimus
369 1944 405 1983 ac
422 1925 675 1985 mansuetissimus
696 1928 777 1997 Eata,
799 1926 849 2001 qui
870 1938 931 1985 erat
951 1927 1043 1985 abbas
1063 1925 1095 1987 in

103 2020 277 2079 monasterio
299 2021 381 2096 quod
403 2020 508 2080 dicitur
531 2020 670 2079 Mailros:
705 2022 788 2097 quod
810 2020 892 2079 aiunt
916 2022 1093 2082 Colmanum

104 2116 243 2175 abiturum
266 2116 374 2193 petisse
392 2127 421 2176 et
441 2116 601 2191 inpetrasse
619 2135 637 2173 a
655 2135 723 2191 rege
743 2116 845 2188 Osuiu,
864 2116 998 2191 eoquod
1017 2126 1094 2176 esset

64 2230 94 2267 20
104 2212 178 2273 idem
201 2217 374 2273 Eataunus
392 2215 430 2274 de
452 2213 491 2271 xii
514 2212 612 2290 pueris
632 2211 750 2284 Aidani‚
765 2232 847 2289 =quos
871 2214 965 2290 primo
983 2212 1093 2288 episco

103 2321 184 2383 patus
211 2310 257 2369 sui
283 2320 416 2385 tempore
442 2309 481 2368 de
508 2309 627 2367 natione
661 2311 825 2385 Anglorum
856 2310 1031 2369 erudiendos
1063 2310 1092 2368 in

104 2404 216 2465 Christo
234 2404 356 2481 accepit.
399 2406 524 2463 multum
545 2423 673 2481 namque
693 2407 820 2464 eundem
839 2405 1011 2482 episcopum
1026 2408 1093 2466 Col-

104 2521 219 2561 manum
233 2522 284 2561 rex
297 2521 352 2577 pro
366 2500 452 2560 insita
466 2500 507 2559 illi
523 2501 680 2577 prudentia
693 2501 839 2577 diligebat
883 2502 946 2578 ipse
959 2513 1005 2561 est
1018 2504 1093 2561 Eata

104 2600 153 2675 qui
166 2620 225 2660 non
239 2601 333 2659 multo
346 2609 415 2674 post
429 2598 525 2658 eidem
540 2598 682 2657 ecclesiae
694 2597 923 2657 Lindisfarnensi
937 2598 1092 2675 episcopus

65 2711 92 2771 ²5
104 2696 192 2755 sactus
209 2707 262 2755 est.
304 2695 405 2754 abiens
424 2705 523 2753 autem
542 2694 665 2753 domum
685 2695 811 2754 Colman
829 2695 971 2754 adsumsit
991 2714 1091 2753 secum

103 2802 210 2864 partem
231 2791 341 2851 ossium
359 2790 585 2851 reuerentissimi
605 2790 695 2867 patris
713 2790 829 2860 Aidani‚
850 2802 962 2866 partem
976 2810 1047 2850 uero
1061 2790 1091 2849 in

105 2886 223 2945 ecclesia
249 2886 297 2946 cui
323 2896 455 2964 praeerat
481 2885 597 2961 reliquit
621 2885 705 2945 etin
732 2885 886 2945 secretario
912 2885 975 2945 eius
1002 2883 1091 2944 condi

104 2984 254 3060 praecepit.

163 3079 297 3152 Quantae
323 3089 422 3137 autem
448 3076 643 3154 parsimoniae
671 3076 754 3136 cuius
780 3075 979 3137 continentiae
1005 3076 1113 3135 fuerit*

66 3199 95 3253 30
105 3172 164 3250 ipse
181 3196 248 3235 cum
267 3174 539 3252 praedecessoribus
562 3174 629 3247 suis,
652 3175 811 3233 testabatur
832 3173 919 3233 etiam
941 3174 1023 3231 locus
1041 3172 1090 3233 ille

105 3288 187 3345 quem
200 3273 347 3349 regebant,
367 3270 418 3330 ubi
437 3271 612 3331 abeuntibus
631 3270 673 3329 eis
694 3282 817 3346 excepta
833 3269 958 3330 ecclesia
976 3270 1090 3346 paucis-

105 3366 188 3427 simae
207 3368 313 3427 domus
334 3377 475 3443 repertae¹
487 3377 562 3439 sunt,
583 3367 641 3425 hoc
663 3377 707 3425 est
729 3365 795 3425 illae
816 3367 1004 3426 solummodo
1026 3365 1089 3425 sine

106 3463 205 3538 quibus
229 3463 413 3524 conuersatio
435 3462 528 3523 ciuilis
546 3480 612 3563 esse
632 3460 791 3520 nullatinus
814 3472 935 3537 poterat
965 3460 1020 3533 ¹nil
1039 3480 1089 3537 pe·
