2592 3834
202 254 257 310 126
308 266 494 317 omnnia
507 265 643 331 Jonas
656 265 816 314 srnorno.
850 262 1068 314 assonam
1124 244 1184 328 [IV

196 401 279 452 erant
299 391 384 468 periti
405 392 602 464 confluebant,
621 391 674 451 sed
696 400 726 449 et
746 389 842 467 ipsum
862 391 915 466 per
933 391 1007 463 loca,
1026 389 1058 448 in
1078 389 1183 467 quibus

196 489 324 561 doceret,
338 487 423 547 multi
437 487 560 547 inuitare
573 490 722 547 curabant.

255 584 325 658 Ipse
338 594 436 642 autern
450 593 574 659 excepto
588 583 727 642 cantandi
738 583 785 642 uel
799 581 915 658 legendi
926 601 1046 641 munere
1060 593 1090 642 et
1103 582 1182 641 aliud

196 677 226 737 in
250 678 395 738 mandatis
417 678 455 738 ab
477 677 640 754 apostolico
663 695 740 755 papa
762 689 921 754 acceperat,
944 690 977 736 ut
1001 679 1082 737 cuius
1106 690 1182 738 esset

195 773 263 834 fidei
289 776 451 849 Anglomm
478 774 603 833 ecclesia
637 773 790 851 diligenter
824 773 966 834 edisceret
996 769 1181 852 Romamque
1215 794 1231 853 5

195 867 310 928 rediens
337 869 461 928 referret
503 887 573 927 nam
600 878 630 928 et
657 872 802 947 synodum
835 870 914 930 beati
940 887 1034 946 papae
1062 869 1182 929 Martini

195 976 313 1024 centum
340 965 470 1040 quinque
497 963 703 1042 episcoporum
732 983 877 1026 consensu
910 985 971 1026 non
994 968 1086 1024 multo
1113 977 1182 1026 ante
1230 1015 1234 1022 .

194 1064 310 1121 Romae
324 1062 509 1134 celebratam,
524 1072 626 1121 contra
640 1081 692 1121 eos
705 1061 831 1122 maxime
846 1061 896 1138 qui
910 1080 999 1122 unam
1019 1062 1050 1120 in
1064 1061 1182 1122 Christo

195 1157 395 1234 operationem
421 1169 451 1217 et
477 1158 658 1217 uoluntatem
685 1158 901 1234 praedicabant,
931 1176 1029 1217 secum
1060 1157 1182 1218 ueniens

194 1252 298 1313 adtulit
324 1265 413 1330 atque
440 1251 471 1311 in
498 1252 628 1328 praelato
655 1251 862 1330 religiosissimi
888 1253 1001 1312 abbatis
1029 1253 1181 1313 Benedicti
1198 1275 1237 1312 10

194 1349 372 1409 monasterio
387 1348 650 1408 transscribendam
664 1349 872 1410 commodauit.
913 1349 985 1408 tales
1003 1367 1130 1424 namque
1145 1367 1181 1408 eo

194 1456 327 1520 tempore
341 1446 430 1503 fidem
451 1443 796 1520 Constantinopolitanae
816 1444 957 1504 ecclesiae
977 1446 1099 1503 multum
1113 1463 1182 1504 con-

194 1543 391 1613 turbauerunt,
406 1541 459 1600 sed
473 1539 596 1600 domino
616 1540 747 1600 donante
767 1540 874 1618 proditi
894 1539 952 1599 iam
973 1551 1043 1600 tunc
1064 1552 1094 1601 et
1111 1539 1181 1600 uicti

194 1648 269 1697 sunt
310 1638 391 1696 unde
412 1639 516 1696 uolens
538 1636 655 1712 Agatho
678 1653 763 1712 papa,
788 1635 862 1696 sicut
883 1636 914 1694 in
937 1636 1000 1695 aliis
1023 1636 1181 1713 prouinciis

194 1731 235 1790 ita
249 1730 337 1791 etiarn
350 1731 381 1789 in
395 1729 535 1789 Brittania
548 1730 642 1805 qualis
662 1741 739 1790 esset
760 1741 851 1791 status
871 1731 1019 1804 ecclesiae,
1035 1751 1124 1808 quam
1141 1733 1180 1792 ab
1197 1752 1229 1809 15

194 1827 405 1887 haeretieorum
426 1827 568 1904 contagiis
582 1841 690 1901 castus,
704 1827 842 1901 ediscere,
857 1828 915 1888 hoc
932 1828 1084 1905 negotium
1102 1848 1181 1888 reue-

193 1923 358 1984 rentissimo
389 1923 490 1982 abbati
517 1923 643 1982 Iohanni
677 1922 846 1982 Brittaniam
874 1923 1019 1984 destinato
1046 1923 1177 1983 iniunxit.

193 2019 384 2094 quamobrem
409 2019 532 2076 collecta
558 2037 611 2094 pro
639 2019 698 2077 hoc
724 2018 754 2076 in
782 2019 922 2077 Brittania
949 2019 1063 2095 synodo
1090 2038 1179 2095 quam

193 2113 327 2185 diximus,
343 2113 464 2171 inuenta
483 2122 527 2172 est
551 2112 582 2171 in
602 2113 739 2172 omnibus
763 2115 836 2173 fides
857 2113 998 2173 inuiolata
1019 2114 1179 2174 catholica:

179 2212 352 2287 'datumque
366 2210 406 2269 illi
421 2212 570 2287 exemplar
582 2211 645 2270 eius
660 2212 788 2268 Romam
802 2211 1013 2285 perferendum.
1194 2231 1230 2269 20

251 2309 362 2365 Verum
388 2305 438 2364 ille
460 2305 584 2383 patriam
617 2317 773 2379 reuertens,
803 2324 864 2364 non
898 2307 990 2366 multo
1022 2317 1179 2383 postquam

192 2419 334 2458 oceanum
348 2399 461 2459 transiit
478 2412 608 2476 arreptus
627 2399 793 2459 infirmitate
815 2419 850 2458 ac
869 2400 1023 2460 defunctus
1038 2411 1098 2460 est:
1119 2420 1181 2460 cor·

192 2515 305 2573 pusque
319 2495 380 2555 eius
394 2498 432 2556 ab
445 2497 547 2556 amicis
560 2508 679 2574 propter
698 2516 828 2556 amorem
847 2498 940 2557 sancti
955 2497 1083 2571 Martini,
1098 2498 1179 2558 cuius

192 2593 368 2653 monasterio
401 2605 540 2671 praeerat,
575 2593 702 2654 Turonis
737 2595 865 2654 delatum
900 2606 989 2671 atque
1020 2595 1179 2656 honorifice

192 2692 338 2767 sepultum
366 2702 418 2751 est
460 2711 529 2750 nam
557 2702 587 2751 et
612 2691 741 2767 benigno
768 2690 910 2750 ecclesiae
937 2691 1014 2751 illius
1040 2692 1177 2769 hospiti0,
1194 2705 1228 2764 25

192 2805 260 2845 cum
286 2788 457 2848 Brittaniam
483 2787 546 2861 iret,
574 2799 715 2864 exceptus
742 2796 787 2846 est
813 2798 989 2863 rogatusque
1016 2790 1140 2849 multum
1162 2809 1180 2849 a

191 2881 333 2956 fratribus,
348 2893 381 2942 ut
397 2884 524 2943 Romam
542 2894 691 2942 reuertens
709 2883 760 2942 illo
781 2881 882 2942 itinere
901 2883 1014 2943 ueniret
1033 2895 1122 2960 atque
1140 2887 1180 2945 ad

191 2995 257 3036 eam
271 2977 428 3038 diuerteret
441 2977 603 3037 eeclesiam.
639 2977 769 3054 denique
785 2977 895 3037 ibidem
909 2977 1056 3039 adiutores
1070 2979 1179 3052 itineris

192 3086 222 3134 et
235 3075 356 3134 iniuncti
370 3075 466 3151 operis
482 3073 616 3152 accepit:
635 3075 687 3151 qui
706 3074 760 3134 etsi
780 3075 812 3134 in
828 3074 931 3136 itinere
951 3076 1104 3137 defunctus
1125 3087 1177 3150 est,

191 3170 380 3230 nihilominus
402 3173 567 3249 exemplum
589 3170 750 3232 catholicae
772 3171 842 3231 fidei
863 3174 1026 3250 Anglorum
1049 3176 1178 3233 Romam
1192 3198 1230 3254 30

191 3266 333 3343 perlatum
360 3276 413 3338 est,
441 3277 529 3342 atque
556 3267 594 3326 ab
621 3266 785 3342 apostolico
811 3286 890 3344 papa
911 3266 1106 3343 omnibusque
1128 3267 1179 3343 qui

191 3358 309 3421 audiere
321 3361 370 3420 uel
382 3362 478 3438 legere
491 3360 704 3439 gratantissime
718 3374 895 3438 susceptum.
908 3427 910 3430 ,

525 3475 547 3509 ²²
562 3477 685 3526 deuertens
695 3493 741 3527 ms.
754 3495 788 3528 re·
801 3476 839 3528 C¹.
