2592 3834
211 277 249 334 34
331 294 333 299 ’
491 274 772 325 EARCONGOTA’S
797 276 925 325 VISION.
1133 261 1199 344 [Ill

208 403 338 462 nasterio
360 403 474 461 casulas
501 403 681 462 infirmarum
704 403 815 465 Christi
841 406 1015 464 famularum
1038 426 1200 485 earumque

208 501 257 557 uel
277 498 404 557 maxime
422 518 499 574 quae
518 501 566 559 uel
586 510 685 560 aetate
702 513 862 577 prouectae
881 504 931 561 uel
950 503 1098 578 probitate
1116 518 1201 565 erant

208 614 325 653 morum
339 593 519 669 insigniores.
562 614 686 671 quarum
704 615 737 655 se
755 597 887 657 omnium
901 598 1037 673 precibus
1051 601 1202 662 humiliter

208 690 429 762 commendans,
448 688 562 751 obitum
582 690 715 766 proxime
734 710 827 763 suum,
848 710 937 767 quem
957 692 1137 753 reuelatione
1159 695 1201 755 di-

208 786 327 859 dicerat,
350 806 412 845 non
432 786 538 846 celauit
559 805 622 846 esse
643 788 780 846 futurum.
813 806 902 863 quam
925 787 1064 847 uidelicet
1088 792 1201 849 reuela-
1231 804 1243 861 5

208 882 320 943 tionem
342 881 511 941 huiusmodi
534 902 598 941 esse
620 882 810 959 perhibebat:
846 882 956 943 uidisse
979 902 1011 942 se
1031 886 1199 943 albatorum

208 989 356 1039 cateruam
379 978 533 1038 hominum
556 979 635 1038 idem
662 965 873 1038 monasterium
900 979 1016 1052 intrare,
1041 982 1158 1057 hosque
1181 1001 1200 1040 a

208 1092 240 1131 se
254 1072 454 1149 interrogatos,
470 1072 542 1148 quid
557 1082 730 1149 quaererent
743 1083 794 1132 aut
808 1072 880 1148 quid
893 1073 935 1132 ibi
950 1076 1067 1148 uellent,
1078 1094 1200 1151 respon·

208 1170 286 1230 disse
308 1171 390 1247 quod
413 1171 453 1230 ob
477 1171 535 1228 hoc
556 1170 607 1229 illo
630 1170 738 1229 suerint
759 1169 906 1242 destinati,
929 1180 962 1228 ut
983 1190 1103 1229 aureum
1123 1170 1199 1231 illud

206 1266 353 1327 nomisma
376 1267 457 1343 quod
481 1286 517 1325 eo
538 1267 577 1326 de
598 1266 706 1327 Cantia
729 1276 851 1326 uenerat
874 1286 974 1325 secum
998 1268 1196 1327 adsumerent.
1214 1292 1243 1329 ro

207 1366 271 1439 ipsa
291 1375 389 1423 autem
411 1374 508 1435 nocte,
531 1363 561 1421 in
584 1362 667 1422 cuius
688 1363 792 1421 ultima
811 1374 894 1439 parte
915 1364 946 1422 id
971 1374 1016 1423 est
1035 1363 1198 1439 incipiente

207 1479 312 1519 aurora
334 1460 494 1536 praesentis
517 1459 620 1519 mundi
641 1461 778 1519 tenebras
802 1460 945 1519 transiens
967 1480 1122 1536 supernam
1145 1462 1198 1519 mi-

206 1555 299 1630 grauit
326 1557 365 1614 ad
392 1558 497 1627 lucem,
522 1555 608 1614 multi
629 1556 668 1614 de
694 1555 830 1614 fratribus
858 1554 990 1615 eiusdem
1018 1557 1194 1630 monasterii,

207 1650 258 1725 qui
272 1650 336 1709 aliis
354 1664 436 1709 erant
453 1650 483 1708 in
497 1651 628 1721 aedibus,
644 1650 703 1709 iarn
717 1650 871 1710 manifeste
885 1670 917 1709 se
931 1662 1092 1711 concentus
1108 1670 1196 1729 ange-

206 1747 301 1805 lorum
319 1746 506 1823 psallentium
524 1746 640 1806 audisse
659 1748 832 1818 referebant,
848 1748 900 1805 sed
920 1758 950 1806 et
968 1747 1096 1806 sonitum
1111 1749 1195 1823 quasi
1211 1773 1240 1830 15

206 1842 347 1918 plurimae
362 1841 554 1901 multitudinis
573 1842 783 1902 monasterium
802 1842 1010 1919 ingredientis3
1030 1846 1110 1904 unde
1124 1865 1195 1905 mox

206 1939 312 2016 egressi
326 1938 497 2015 dignoscere
512 1938 583 2014 quid
598 1950 683 2011 esset,
698 1938 837 1999 uiderunt
855 1942 952 1999 lucem
970 1942 1092 1999 caelitus
1111 1943 1196 2001 ernis-

203 2052 268 2093 sam
283 2033 369 2092 fuisse
383 2033 601 2109 permaximam,
616 2053 692 2109 quae
706 2046 838 2093 sanctam
857 2034 937 2092 illam
955 2035 1086 2093 animam
1099 2037 1195 2096 camis

205 2130 330 2188 uinculis
364 2131 528 2189 absolutam
556 2130 594 2189 ad
620 2142 741 2189 aeterna
773 2130 883 2207 patriae
917 2130 1053 2189 caelestis
1087 2132 1195 2207 gaudia

205 2227 339 2286 ducebat.
382 2227 495 2285 addunt
519 2236 549 2285 et
570 2226 628 2285 alia
656 2246 734 2302 quae
760 2226 935 2303 ipsa·n0cte
960 2226 991 2285 in
1014 2229 1193 2289 monasterio
1206 2256 1237 2293 20

206 2325 313 2383 eodem
335 2322 475 2383 diuinitus
498 2324 607 2382 fuerint
630 2333 751 2382 ostensa
771 2323 930 2394 miracula3
964 2324 1018 2382 sed
1041 2325 1116 2382 haec
1136 2344 1193 2384 nos

204 2422 243 2479 ud
265 2420 322 2479 alia
341 2421 497 2479 tendentes
520 2420 578 2479 suis
597 2438 714 2477 narrare
733 2418 938 2493 permittimus.
981 2420 1129 2494 sepultum
1149 2433 1194 2480 est

205 2527 305 2574 autem
333 2536 438 2593 corpus
466 2514 635 2575 uenerabile
662 2513 783 2589 uirginis
813 2523 841 2571 et
870 2532 996 2588 sponsae
1024 2513 1133 2573 Christi
1162 2514 1192 2572 in

205 2611 329 2671 ecclesia
342 2612 422 2671 beati
436 2609 655 2687 protomartyris
669 2608 828 2685 Stephani3
848 2609 1016 2685 placuitque
1030 2620 1098 2685 post
1114 2609 1194 2669 diem
1278 2643 1280 2694 Ι

205 2706 321 2766 tertium
343 2720 375 2767 ut
396 2708 470 2784 lapis
498 2726 558 2782 quo
586 2716 812 2778 monumentum
834 2707 987 2779 tegebatur
1007 2718 1194 2766 amoueretur
1209 2732 1240 2790 25

204 2816 234 2863 et
252 2805 337 2865 altius
356 2804 420 2882 ipso
439 2804 469 2863 in
487 2806 555 2863 loco
575 2813 782 2878 reponeretur;
802 2802 884 2875 quod
903 2804 975 2861 dum
987 2804 1078 2874 fieret,
1093 2814 1193 2864 tantae

204 2900 354 2977 flagrantia
369 2898 521 2960 suauitatis
539 2900 577 2958 ab
598 2898 664 2957 imis
683 2898 822 2971 ebulliuit,
840 2909 873 2956 ut
891 2898 1005 2957 cunctis
1025 2898 1075 2973 qui
1097 2901 1194 2959 adsta·
1278 2895 1280 2964 ξ

204 3000 277 3058 bant
295 2996 430 3057 fratribus
451 3016 486 3055 ae
507 2995 655 3056 sororibus
679 2994 763 3070 quasi
786 2994 970 3079 opobalsami
991 2994 1108 3054 cellaria
1128 3015 1193 3055 esse
1278 2985 1280 3078 ζ

204 3095 493 3169 uiderenturaperta.

263 3190 321 3250 Sed
336 3200 366 3249 et
379 3200 534 3249 matertera
555 3188 617 3248 eius
636 3189 675 3247 de
693 3208 752 3263 qua
770 3187 896 3247 diximus
910 3188 1072 3264 Aedilberg
1085 3200 1115 3248 et
1128 3188 1194 3266 ipsa
1207 3210 1243 3264 30
1278 3177 1280 3234 ἶ

204 3286 262 3343 deo
285 3285 421 3343 dilectam
439 3294 596 3359 perpetuae
617 3282 790 3358 uirginitatis
807 3284 930 3358 gloriam
951 3282 982 3341 in
1005 3301 1114 3359 magna
1132 3302 1192 3343 cor-

204 3378 282 3455 poris
309 3378 491 3437 continentia
514 3376 700 3437 conseruauit
710 3397 718 3448 3
753 3396 828 3452 quae
855 3378 938 3436 cuius
966 3388 1043 3437 esset
1066 3377 1192 3452 uirtutis,

585 3485 605 3519 ⁹⁷
615 3485 764 3549 fragrantia
776 3486 816 3536 C1.
