2592 3834
93 253 127 336 8]
225 269 320 319 amc
340 266 621 318 earcouaaacr
637 264 832 316 nasarors
850 262 968 313 mors.
1054 265 1092 323 33

556 515 637 573 VIII

147 679 241 739 NNO
266 676 433 737 dominicae
456 675 665 736 incarnationis
687 676 756 735 dcxl
778 680 913 739 Eadbald
933 700 985 740 rex
1008 680 1097 741 cant-

198 774 344 833 uariomm
358 773 502 833 transiens
517 792 553 833 ex
567 773 623 831 hae
637 772 700 832 uita
709 775 928 836 Earconbercto
939 776 1000 835 filio
1014 773 1097 852 regni

94 871 300 945 gubernacula
313 869 431 945 reliquit
436 892 445 943 3
459 888 534 945 quae
545 868 594 929 ille
608 879 747 945 suscepta
755 869 835 929 xxiiii
847 871 932 931 annis
944 884 973 932 et
984 871 1097 947 aliquot

66 996 80 1054 5
95 967 255 1025 mensibus
272 965 456 1025 nobilissime
477 964 579 1025 tenuit.
621 964 671 1023 hic
689 964 800 1041 primus
817 986 917 1043 regum
931 969 1097 1044 Anglomm

95 1064 130 1123 in
150 1074 216 1123 toto
237 1083 328 1139 regno
347 1083 402 1123 suo
420 1062 498 1123 idola
521 1063 705 1139 relinquiae
726 1064 846 1138 destrui,
869 1066 956 1127 simul
978 1076 1009 1127 et
1028 1065 1098 1129 ieiu-

95 1158 185 1217 nium
207 1160 237 1216 xl
258 1159 372 1232 diemm
394 1158 542 1217 obseruari
563 1157 719 1234 principali
742 1159 916 1221 auctoritate
938 1160 1095 1237 praecepit.

57 1240 59 1245 ⁵
97 1272 179 1329 quae
193 1272 231 1312 ne
244 1252 329 1311 facile
343 1272 361 1311 a
375 1252 516 1329 quopiam
532 1264 633 1330 posset
648 1254 808 1327 contemni,
824 1254 853 1313 in
868 1266 1098 1332 transgressores

98 1350 208 1427 dignas
232 1362 261 1410 et
289 1360 493 1426 competentes
520 1349 690 1426 punitiones
717 1350 879 1426 proposuit.
933 1351 1015 1410 cuius
1039 1352 1099 1409 filia

51 1476 84 1512 10
100 1448 308 1521 Earcongotae
331 1455 364 1504 ut
387 1444 537 1520 condigna
560 1444 674 1521 parenti
697 1447 817 1504 suboles
844 1465 1017 1522 magnarum
1044 1446 1099 1505 fuit
1200 1440 1202 1442 ’

101 1542 187 1617 uirgo
211 1542 360 1613 uirtutum,
382 1541 514 1599 semiens
541 1539 666 1600 domino
693 1540 724 1599 in
750 1542 930 1601 monasterio
958 1544 1040 1618 quod
1067 1542 1099 1601 in

100 1638 224 1713 regione
247 1640 428 1695 Francorum
457 1647 659 1695 constructum
680 1648 725 1696 est
744 1640 783 1696 ab
804 1639 954 1699 abbatissa
981 1639 1100 1699 nobilis·

101 1734 180 1793 sima
196 1736 345 1793 uocabulo
366 1736 441 1793 Fara
458 1733 489 1792 in
507 1736 576 1793 loco
594 1734 644 1809 qui
664 1733 770 1793 dicitur
784 1737 822 1793 In
837 1737 931 1813 Brige.
975 1757 1044 1795 uam
1062 1756 1100 1797 eo

101 1842 238 1905 tempore
259 1830 388 1889 necdum
412 1829 513 1889 multis
535 1828 567 1887 in
586 1828 706 1905 regione
730 1831 894 1906 Anglomm
915 1832 1100 1898 monasteriis

12 1996 13 2003 ἵ
54 1954 87 2011 15
102 1926 287 1999 constructis,
311 1926 396 1985 multi
419 1927 457 1985 de
482 1924 628 1985 Brittania
653 1927 846 1985 monachicae
868 1928 1100 1987 conuersationis

102 2026 197 2103 gratia
215 2028 397 2084 Francomm
416 2025 465 2084 uel
484 2023 645 2084 Galliarum
662 2023 840 2082 monasteria
857 2024 938 2083 adire
955 2026 1099 2094 solebant,

103 2114 168 2202 sed
184 2134 213 2181 et
240 2122 315 2181 filias
340 2141 408 2181 suas
436 2121 548 2181 eisdem
576 2120 752 2180 emdiendas
780 2141 815 2180 ac
843 2141 953 2197 sponso
980 2123 1100 2181 caelesti

104 2222 289 2297 copulandas
319 2219 485 2290 mittebant,
506 2216 634 2277 maxime
655 2216 687 2275 in
708 2218 794 2294 Brige
819 2230 849 2277 et
870 2219 901 2276 in
922 2220 995 2279 Cale
1019 2228 1049 2278 et
1069 2219 1100 2278 in

103 2316 286 2391 Andilegum
300 2298 498 2386 monasterio}
517 2312 595 2373 inter
608 2332 681 2389 quas
703 2325 765 2372 erat
786 2316 938 2391 saethryd,
952 2316 1012 2373 filia
1031 2335 1101 2375 uxo·

56 2410 142 2477 20ris
169 2414 278 2469 Annae
305 2409 380 2485 regis
405 2408 599 2470 Orientalium
626 2410 791 2483 Anglomm
819 2408 901 2467 cuius
930 2429 1016 2485 supra
1042 2430 1102 2469 me-

104 2504 254 2577 minimus
275 2516 305 2563 et
323 2504 384 2563 filia
401 2504 543 2563 naturalis
562 2503 697 2563 eiusdem
718 2504 794 2579 regis
817 2503 995 2579 Aedilberg;
1024 2523 1101 2579 quae

105 2613 228 2677 utraque
243 2620 312 2658 eum
327 2610 404 2659 esset
422 2599 584 2676 peregrina,
599 2618 669 2675 prae
683 2597 789 2657 merito
808 2596 949 2655 uirtutum
969 2597 1100 2657 eiusdem

105 2696 275 2757 monasterii
304 2696 451 2773 Brigensis
472 2707 517 2756 est
536 2696 687 2755 abbatissa
708 2696 879 2755 constituta.
922 2696 1004 2755 cuius
1025 2696 1101 2772 regis

105 2793 164 2853 filia
185 2792 281 2853 maior
303 2794 435 2867 Sexburg
457 2811 530 2852 uxor
552 2792 764 2852 Earconbercti
785 2791 860 2867 regis
878 2792 1102 2853 Cantuariorum

62 2919 75 2953 2
79 2914 93 2972 5
106 2888 209 2949 habuit
222 2890 313 2947 filiam
329 2891 545 2964 Earcongotam
560 2891 598 2949 de
612 2900 786 2965 quesumus
801 2888 914 2948 dicturi

166 2986 268 3045 Huius
295 2997 395 3045 autem
423 2983 541 3061 uirginis
568 2987 626 3045 deo
655 2984 769 3045 dicatae
796 2987 888 3044 multa
916 2985 1036 3060 quidem
1063 2986 1102 3044 ab

106 3082 210 3143 incolis
224 3081 284 3141 loci
298 3079 375 3141 illius
390 3083 486 3141 solent
500 3101 590 3158 opera
599 3082 741 3141 uirtutum
756 3092 786 3141 et
800 3081 884 3158 signa
897 3082 1103 3141 miraculorum

107 3195 202 3255 usque
223 3177 315 3237 hodie
337 3177 454 3236 narrari.
478 3179 598 3236 'uemm
617 3197 673 3237 nos
691 3178 730 3237 de
749 3176 872 3235 transitu
892 3186 1005 3233 tantum
1025 3174 1102 3236 illius

107 3293 168 3351 quo
188 3272 328 3333 caelestia
350 3292 439 3349 regna
460 3273 545 3349 petiit
566 3272 679 3348 aliquid
699 3271 828 3331 breuiter
850 3269 947 3329 dicere
970 3270 1101 3330 sufficiat.

65 3391 94 3447 3(
108 3369 273 3430 inminente
291 3388 361 3445 ergo
383 3368 431 3427 die
452 3388 524 3428 suae
543 3367 709 3427 uocationis
728 3368 828 3443 coepit
848 3366 970 3427 circuire
992 3368 1023 3427 in
1044 3389 1105 3429 mo-

466 3487 488 3519 ⁹⁷
503 3489 578 3538 solent
588 3485 627 3539 C¹.
645 3504 687 3538 our
698 3504 744 3537 ms.

994 3605 1010 3657 3
