2592 3834
176 254 216 309 44
332 251 527 302 anvarnus.
560 250 745 300 rrrrxnrn.
778 248 875 299 xmo
897 246 1007 299 osWx.
1100 226 1170 311 [111

624 500 725 558 XIIII

237 655 458 714 RANSLATO
480 670 549 729 ergo
567 653 606 711 ad
627 650 765 717 caelestia
781 670 872 729 regna
889 654 1021 714 Osualdo
1039 654 1171 731 suscepit

264 752 345 829 regni
365 750 504 811 terrestris
523 752 625 810 sedem
642 770 697 826 pro
716 769 753 809 eo
767 751 854 809 irater
866 749 929 810 eius
946 750 1039 811 Osuiu
1054 751 1172 813 iuuenis

176 870 233 908 xxx
259 849 372 909 circiter
394 868 547 920 annorum,
569 858 599 907 et
625 867 678 924 per
704 866 798 907 annos
825 846 915 906 xxuiii
942 848 1172 910 laboriosissime

177 944 278 1017 tenuit,
307 944 483 1021 inpugnatus
506 942 646 1003 uidelicet
674 953 704 1003 et
730 945 770 1001 ab
797 962 833 1002 ea
859 962 936 1018 quae
962 944 1080 1003 fratrem
1107 944 1172 1003 eius
1209 963 1226 1021 5

177 1038 326 1099 occiderat
345 1059 460 1117 pagana
480 1050 567 1115 gente
589 1037 769 1098 Merciorum
793 1049 823 1097 et
843 1038 942 1098 atilio
969 1058 1089 1115 quoque
1116 1060 1172 1100 suo

177 1137 329 1197 Alchfrido
350 1157 467 1197 necnon
489 1148 519 1197 et
541 1156 559 1195 a
580 1138 698 1208 fratruo,
721 1135 753 1195 id
777 1147 822 1195 es't
843 1136 936 1195 fratris
960 1135 1005 1195 sui
1027 1135 1077 1212 qui
1101 1147 1173 1197 ante

113 1272 118 1280 ι
174 1250 247 1291 'eum
261 1232 393 1309 regnauit
406 1232 466 1292 filio
481 1232 661 1294 Oidilualdo.

239 1327 330 1388 Cuius
348 1346 427 1387 anno
444 1328 586 1401 secund0,
604 1328 664 1386 hoc
684 1338 729 1388 est
746 1330 785 1388 ab
802 1326 1004 1386 incarnatione
1022 1326 1173 1386 dominica
1284 1397 1285 1400 Ἴ

178 1441 258 1482 anno
275 1422 391 1496 dcxliiii,
406 1421 659 1482 reuerentissimus
677 1434 760 1499 pater
779 1421 918 1481 Paulinus
941 1422 1091 1497 quondam
1110 1420 1173 1497 qui·
1190 1444 1229 1483 10
1284 1435 1285 1504 ᾗ

179 1521 248 1579 dem
271 1519 474 1590 Eburacensis‚
497 1520 549 1579 sed
577 1530 648 1578 tunc
674 1518 830 1579 Hrofensis
855 1518 1011 1594 episcopus
1035 1516 1172 1589 ciuitatis,

179 1614 312 1675 transiuit
335 1616 374 1674 ad
394 1614 547 1674 dominum
575 1626 659 1673 sexto
679 1615 782 1673 iduum
805 1613 979 1675 Octobrium
1001 1612 1058 1686 die,
1081 1612 1133 1689 qui
1153 1634 1174 1672 x

180 1723 209 1773 et
233 1712 295 1773 uiiii
318 1731 412 1771 annos
434 1730 550 1770 menses
577 1713 654 1771 duos
678 1710 741 1769 dies
765 1709 814 1768 xxi
838 1709 1041 1786 episcopatum
1068 1709 1173 1782 tenuit,

181 1811 370 1887 sepultusque
388 1807 480 1868 estin
499 1806 655 1867 secretario
675 1806 755 1867 beati
776 1806 904 1883 apostoli
921 1806 1068 1880 Andreae,
1090 1807 1174 1883 quod

180 1926 231 1967 rex
249 1904 419 1977 Aedilberct
437 1923 455 1963 a
473 1902 672 1962 fundamentis
690 1902 722 1962 in
741 1903 845 1961 eadem
865 1902 953 1961 Hrofi
969 1900 1089 1961 ciuitate
1104 1920 1175 1960 con·
1190 1922 1226 1980 15

181 2001 291 2063 struxit.
333 2000 365 2060 in
383 2000 466 2059 cuius
485 2002 583 2059 locum
599 1998 752 2059 Honorius
770 1998 1006 2075 archiepiscopus
1026 1997 1175 2059 ordinauit

181 2101 312 2159 Ithamar
325 2096 481 2156 oriundum
501 2095 622 2172 quidem
640 2097 680 2155 de
692 2105 781 2172 gente
800 2094 1024 2157 Cantuariorum
1041 2095 1094 2154 sed
1112 2094 1176 2153 uita

181 2205 212 2254 et
225 2191 390 2253 eruditione
406 2191 639 2251 antecessoribus
654 2189 713 2249 suis
727 2190 924 2265 aequandum.

243 2288 359 2348 Habuit
372 2299 472 2347 autem
487 2287 582 2349 Osuiu
595 2286 696 2363 primis
710 2285 791 2362 regni
802 2285 847 2345 sui
861 2286 1043 2362 temporibus
1057 2305 1176 2345 consor-

181 2396 242 2446 tem
253 2385 349 2461 regiae
360 2382 509 2461 dignitatis
519 2384 667 2442 uocabulo
679 2381 785 2443 Osuini
799 2383 836 2441 de
847 2381 935 2457 stirpe
949 2380 1025 2457 regis
1035 2378 1175 2453 Aeduini,
1190 2400 1231 2439 20

182 2483 240 2542 hoc
254 2493 299 2541 est
312 2480 403 2540 filium
419 2479 513 2541 Osrici
528 2479 566 2538 de
580 2498 640 2557 quo
658 2498 746 2555 supra
759 2478 931 2550 rettulimus,
941 2478 1037 2536 uirum
1051 2475 1177 2543 eximiae

182 2577 299 2655 pietatis
318 2588 348 2637 et
367 2575 523 2653 religionis,
541 2576 592 2651 qui
605 2575 775 2653 prouinciae
791 2578 938 2635 Derorum
960 2586 1073 2651 septem
1089 2575 1176 2635 annis

145 2739 148 2763 Ι
183 2675 215 2736 iu
233 2673 361 2732 maxima
375 2671 507 2731 omnium
525 2691 621 2731 rerum
640 2672 789 2731 affluentia
807 2682 837 2731 et
852 2670 916 2748 ipse
931 2671 1065 2731 amabilis
1083 2673 1178 2731 omni-

183 2770 239 2828 bus
258 2767 390 2843 praefuit.
436 2768 489 2826 sed
507 2786 564 2832 nec
582 2786 651 2826 cum
670 2786 706 2826 eo
720 2766 769 2826 ille
783 2765 834 2843 qui
852 2777 980 2826 ceteram
994 2768 1177 2826 Transhum-

184 2865 293 2923 branae
312 2861 407 2939 gentis
425 2873 538 2939 partem
557 2863 595 2921 ab
614 2860 761 2937 aquilone,
780 2860 874 2921 idest
893 2860 1093 2920 Bemiciorum
1111 2880 1177 2937 pro
1191 2878 1207 2916 2
1211 2877 1228 2935 5

185 2958 322 3033 uinciam,
337 2960 457 3035 regebat
470 2959 579 3018 habere
593 2977 698 3034 pacem
713 2958 828 3034 potuit3
848 2957 920 3034 quin
934 2957 1031 3038 potius
1045 2957 1178 3033 ingraue

186 3054 334 3114 scentibus
353 3054 448 3113 causis
468 3052 684 3113 dissensionum
705 3052 868 3112 miserrima
888 3054 967 3111 hunc
986 3054 1078 3112 caede
1095 3071 1178 3130 pere-

185 3154 247 3214 mit
294 3151 439 3235 siquidem
460 3162 638 3229 congregato
666 3160 769 3210 contra
795 3148 923 3209 inuicem
950 3149 1079 3210 exercitu
1107 3168 1177 3209 cum

185 3251 299 3311 uideret
319 3268 351 3310 se
374 3248 479 3310 Osuini
506 3268 574 3307 cum
597 3247 649 3307 illo
670 3244 720 3323 qui
744 3247 842 3322 plures
861 3246 991 3305 habebat
1011 3244 1177 3325 auxiliarios

187 3366 248 3409 non
269 3364 357 3423 posse
380 3346 459 3405 bello
486 3343 651 3420 confligere,
672 3352 752 3401 ratus
773 3351 818 3401 est
838 3340 936 3400 utilius
957 3351 1028 3401 tunc
1048 3341 1178 3403 demissa
1189 3356 1230 3412 30

282 3458 305 3493 ⁸⁶
320 3458 537 3523 ingrauucerttibm
546 3474 593 3507 ms.
811 3453 833 3490 ¹⁷
848 3455 1020 3506 dr'ssentzbnum
1032 3471 1077 3506 ms.
