2592 3834
60 182 70 277 ἶ
169 229 224 274 122
308 231 547 285 commanent
560 232 608 284 ort
622 233 703 284 raro
717 235 841 286 nom
862 235 1012 286 νοτιτιις.
1094 217 1153 300 [IV

54 360 57 369 '
166 359 222 419 tias
235 380 337 421 eorum
352 358 404 437 qui
417 361 574 422 decadem
592 361 688 422 insula
705 363 854 424 credendo
873 361 975 425 saluati
994 373 1071 438 sunt,
1093 366 1153 424 duo

166 454 238 531 regii
261 453 351 533 pueri,
375 457 475 516 fratres
495 456 633 517 uidelicet
654 458 776 518 Arualdi
796 459 871 536 regis
892 459 1011 533 insulae,
1035 459 1153 538 speciali
1243 501 1254 524 r

167 563 236 614 sunt
256 552 305 614 dei
330 554 423 630 gratia
448 553 599 615 coronati:
632 553 779 630 siquidem
806 555 1015 616 inminentibus
1041 556 1154 619 insulae

167 646 300 708 hostibus
313 649 382 725 fuga
398 649 472 724 lapsi
490 659 557 708 sunt
576 649 615 709 de
633 649 728 708 insula
745 660 774 709 et
792 648 824 708 in
839 649 1000 726 proximam
1020 651 1153 713 Iutorum

167 741 351 820 prouinciam
364 743 510 804 translati:
530 743 590 817 ubi,
605 763 673 804 cum
688 742 777 804 delati
795 743 826 804 in
844 747 943 804 locum
964 745 1015 821 qui
1033 761 1155 808 uocatur
1189 767 1204 826 5

168 837 218 899 Ad
238 838 382 915 Lapidem
405 840 583 899 occulendos
603 859 635 900 se
655 859 674 898 a
693 840 766 900 facie
786 841 860 917 regis
881 842 999 902 uictoris
1019 845 1156 906 credidis

168 944 242 1004 sent,
263 933 370 1010 proditi
391 944 459 993 sunt
479 945 567 1011 atque
587 935 684 996 occidi
705 935 783 996 iussi.
833 939 915 1014 quod
938 957 1006 998 cum
1026 940 1156 1000 audisset

169 1033 260 1093 abbas
274 1031 395 1108 quidam
408 1043 438 1092 et
453 1033 603 1109 presbyter
619 1034 765 1093 uocabulo
780 1035 945 1111 Cyniberct,
964 1035 1076 1096 habens
1094 1055 1155 1096 non

169 1131 256 1205 longe
273 1129 310 1187 ab
329 1127 399 1188 inde
415 1128 623 1189 monasterium
641 1129 673 1188 in
689 1131 756 1189 loco
775 1130 825 1206 qui
847 1142 970 1190 uocatur
985 1133 1154 1203 Hreutford,

169 1228 202 1290 id
215 1240 259 1289 est
274 1229 399 1289 ‘uadum
412 1228 600 1301 harundinis:
618 1228 700 1288 uenit
717 1229 756 1289 ad
773 1249 880 1306 regem,
895 1229 946 1306 qui
960 1242 1030 1288 tunc
1043 1228 1155 1288 eisdem
1172 1243 1208 1284 to

170 1323 200 1382 in
218 1323 348 1400 partibus
370 1326 500 1384 occultus
518 1324 673 1384 curabatur
688 1343 707 1382 a
723 1323 891 1384 uulneribus
908 1343 984 1400 quae
1002 1321 1030 1384 ei
1048 1322 1157 1383 inflicta

170 1420 284 1478 fuerant
299 1418 452 1495 proelianti
469 1418 500 1477 in
515 1417 611 1478 insula
623 1422 725 1490 Vecta,
743 1418 961 1495 postulauitque
974 1419 1012 1479 ab
1026 1437 1062 1478 eo
1076 1429 1117 1492 ut,
1133 1417 1157 1477 si

171 1532 291 1574 necesse
313 1525 389 1574 esset
409 1532 514 1590 pueros
535 1513 666 1580 interfici,
686 1513 765 1590 prius
785 1532 836 1573 eos
856 1513 956 1574 liceret
975 1512 1045 1573 fidei
1062 1512 1158 1573 Chris·

171 1609 268 1669 tianae
282 1608 468 1668 sacramentis
489 1607 578 1667 inbui.
620 1607 765 1668 concessit
786 1628 844 1682 rex,
867 1608 981 1685 etipse
1002 1608 1157 1668 instructos

172 1706 262 1766 uerbo
281 1705 409 1766 ueritatis
425 1724 460 1763 ac
477 1706 558 1764 fonte
576 1703 728 1764 saluatoris
745 1706 860 1765 ablutos
874 1707 912 1765 de
928 1705 1057 1782 ingressu
1075 1705 1157 1780 regni
1173 1716 1206 1775 15

171 1800 282 1861 aeterni
291 1811 386 1860 certos
395 1799 529 1860 reddidit
558 1819 686 1875 moxque
697 1799 738 1859 illi
751 1799 877 1860 instante
887 1801 1021 1860 carnifice
1032 1809 1157 1860 mortem

172 1897 241 1957 laeti
259 1895 372 1956 subiere
390 1897 579 1971 temporalem
596 1914 648 1972 per
662 1915 750 1971 quam
766 1915 796 1955 se
810 1897 849 1955 ad
862 1895 953 1954 uitam
967 1894 1082 1954 animae
1095 1913 1158 1970 per-

171 2003 291 2070 petuam
311 2011 372 2051 non
392 1991 565 2051 dubitabant
581 2011 644 2051 esse
662 1991 838 2052 transituros.
880 1991 938 2050 hoc
958 2009 1027 2066 ergo
1044 1989 1156 2063 ordine,

172 2098 329 2164 postquam
359 2105 462 2147 omnes
495 2085 699 2145 Brittaniamm
732 2083 901 2162 prouinciae
933 2086 1023 2144 fidem
1051 2083 1158 2144 Christi

173 2193 368 2260 susceperant,
396 2181 523 2259 suscepit
548 2193 578 2241 et
604 2180 699 2240 insula
719 2183 822 2253 Vecta,
849 2179 881 2239 in
907 2199 966 2256 qua
993 2191 1092 2238 tamen
1119 2179 1157 2238 ob
1172 2202 1211 2242 20

172 2298 342 2339 aerumnam
365 2289 499 2337 externae
525 2276 714 2336 subiectionis
740 2295 829 2336 nemo
856 2277 978 2353 gradum
1005 2275 1159 2336 ministerii

173 2394 209 2434 ac
227 2373 305 2434 sedis
325 2371 500 2449 episcopalis
517 2382 585 2431 ante
604 2371 790 2445 Danihelem,
813 2371 864 2449 qui
886 2390 965 2431 nunc
985 2370 1159 2432 Occidenta-

172 2469 246 2530 lium
259 2471 407 2529 Saxonum
420 2477 464 2526 est
477 2465 641 2542 episcopus,
656 2464 779 2543 accepit.

231 2565 294 2625 Sita
315 2575 359 2624 est
378 2575 477 2622 autem
496 2564 570 2622 haec
588 2562 684 2622 insula
704 2570 806 2622 contra
825 2559 957 2621 medium
980 2557 1157 2619 Australium

173 2665 321 2723 Saxonum
335 2672 365 2720 et
379 2659 577 2731 Geuissorum,
592 2657 763 2736 interposito
776 2659 882 2734 pelago
896 2655 1057 2716 latitudinis
1071 2655 1157 2716 trium
1172 2677 1187 2716 2
1191 2673 1207 2734 5

172 2756 286 2818 milium
300 2757 381 2832 quod
393 2766 517 2814 uocatur
529 2756 688 2822 Soluente:
707 2752 738 2812 in
752 2771 812 2830 quo
826 2751 964 2812 uidelicet
977 2753 1082 2829 pelago
1095 2751 1158 2812 bini

172 2864 272 2913 aestus
294 2849 406 2923 oceani,
434 2849 485 2926 qui
511 2849 621 2909 circum
650 2848 820 2909 Brittaniam
847 2868 884 2908 ex
907 2847 1020 2908 infinito
1044 2866 1158 2908 oceano

173 2947 392 3027 septentrionali
412 2957 576 3024 erumpunt,
597 2945 714 3007 sibimet
739 2945 866 3006 inuicem
890 2945 998 3006 cotidie
1020 2963 1159 3021 compug-

172 3057 277 3107 nantes
297 3055 452 3105 occurrunt
471 3046 546 3104 ultra
561 3042 670 3103 ostium
687 3040 814 3101 fluminis
833 3043 988 3112 Homelea,
1004 3040 1086 3116 quod
1106 3060 1158 3117 per

173 3151 263 3200 terras
290 3141 423 3199 lutorum
450 3158 525 3215 quae
551 3139 591 3199 ad
617 3138 766 3214 regionem
793 3137 984 3197 Geuissorum
1011 3133 1158 3213 pertinent
1171 3160 1209 3218 30

236 3283 259 3318 ¹³
273 3285 382 3349 inleffed
389 3301 435 3334 ms.
723 3280 745 3316 ¹⁶
760 3283 876 3332 absolutos
886 3297 930 3332 ms.
949 3279 1040 3330 ablutor
1051 3278 1093 3332 0¹.

236 3365 258 3398 ⁸⁰
273 3373 424 3429 occeperunt
434 3382 464 3430 pr
473 3381 538 3416 man.
553 3372 609 3414 ·ant
619 3381 667 3416 sec.
761 3380 835 3430 quam
846 3378 891 3414 ms.
900 3377 949 3428 qua
960 3359 999 3413 C⁵.

201 3509 205 3514 .
235 3442 258 3480 ²¹
277 3460 407 3496 erumnam
418 3461 464 3496 ms.
