2592 3834
162 243 215 301 ¹32
249 243 330 292 WAR
350 240 549 289 BETWEEN
564 240 729 289 ,acorem
747 238 831 286 Arm
850 226 1055 287 anamma.
1092 216 1159 298 [lv.

238 369 366 431 nobilior
386 368 510 428 domino
531 380 584 441 est,
607 380 671 429 orta
690 379 774 444 patre
795 364 910 425 eximio.

197 464 320 543 percipit
340 464 410 523 inde
431 465 521 525 decus
541 463 659 538 reginae
680 473 709 521 et
729 472 844 537 sceptra
864 462 918 519 sub
938 460 1035 519 astris:

237 564 303 639 plus
323 580 410 637 super
430 571 507 619 astra
527 578 650 617 manens
667 557 791 633 percipit
811 556 881 616 inde
901 558 1000 616 decus,

199 658 270 735 quid
290 656 366 733 petis
386 658 464 715 alma
484 654 588 727 uirum,
611 673 721 729 sponso
741 653 801 712 iam
822 652 924 712 dedita
943 654 1083 711 summo?

239 772 363 830 sponsus
384 753 467 811 adest
489 750 630 835 Christus,
654 750 726 826 quid
745 748 822 825 petis
841 751 920 807 alma
939 746 1059 807 uirum?
1185 770 1202 829 5

198 852 273 927 regis
293 860 325 910 ut
345 849 473 909 aetherei
493 859 616 907 matrem
637 846 697 907 iam
717 846 807 905 credo
826 844 964 921 sequaris,

238 960 270 1008 tu
291 966 410 1023 quoque
431 945 470 1005 sis
489 956 584 1005 mater
603 944 679 1020 regis
698 955 733 1003 ut
752 943 887 1003 aetherei.

200 1062 308 1121 sponsa
328 1044 426 1103 dicata
447 1042 504 1102 deo
525 1041 571 1101 bis
592 1061 644 1101 sex
664 1051 836 1117 regnauerat
856 1038 950 1112 annis,

238 1137 328 1214 inque
348 1137 526 1197 monasterio
547 1146 592 1195 est
613 1155 722 1212 sponsa
742 1136 839 1195 dicata
859 1137 924 1195 deo
1018 1164 1021 1168 ·

200 1245 268 1309 total
282 1247 395 1295 morata
414 1236 485 1313 polo
506 1234 590 1294 celsis
611 1233 664 1294 ubi
683 1235 779 1294 floruit
799 1234 881 1308 actis,

239 1331 367 1391 reddidit
388 1342 477 1407 atque
497 1330 627 1390 animam
648 1342 714 1390 tota
733 1343 847 1390 sacrata
867 1332 945 1407 polo.

200 1426 320 1504 uirginis
340 1428 418 1486 alma
438 1446 506 1487 earo
527 1438 571 1487 est
592 1430 736 1488 tumulata
755 1428 801 1488 bis
822 1441 891 1489 octo
912 1428 1107 1500 Nouembres,

240 1543 296 1583 nec
316 1534 399 1601 putet
419 1522 450 1582 in
471 1526 585 1585 tumulo
605 1513 725 1602 dirginis
746 1528 825 1585 alma
845 1546 921 1585 caro.

201 1620 326 1693 Christe,
348 1621 390 1681 tui
413 1632 457 1681 est
476 1622 581 1697 operis,
603 1621 673 1698 quia
693 1623 783 1682 uestis
804 1634 834 1683 et
853 1622 917 1699 ipsa
937 1622 1090 1700 sepulchro

239 1715 381 1776 inuiolata
400 1716 492 1777 nitet:
521 1717 644 1791 Christe,
667 1718 710 1777 tui
730 1730 774 1778 est
794 1718 897 1795 operis.
1170 1729 1202 1788 15

201 1812 288 1889 ydros
309 1822 338 1872 et
358 1824 420 1871 ater
440 1812 501 1873 abit
522 1834 620 1874 sacrae
640 1835 695 1892 pro
715 1814 805 1875 uestis
825 1817 951 1875 honore:

241 1906 335 1967 morbi
356 1907 520 1984 diffugiunt,
542 1912 630 1987 ydros
652 1921 681 1970 et
700 1922 763 1970 ater
782 1910 852 1969 abit.

202 2005 279 2063 zelus
299 2003 330 2067 in
350 2005 435 2063 hoste
456 2005 531 2079 furit,
554 2010 706 2083 quondam
728 2008 779 2085 qui
800 2008 910 2067 uicerat
931 2010 1045 2067 Euam:

240 2099 322 2176 uirgo
343 2100 503 2179 triumphat
523 2122 622 2176 ouans,
646 2106 726 2163 zelus
747 2103 778 2162 in
798 2104 883 2163 hoste
902 2102 977 2163 furit

201 2196 299 2272 aspice
318 2209 412 2275 nupta
433 2201 499 2273 deo,
522 2220 597 2276 quae
619 2200 656 2259 sit
676 2200 731 2260 tibi
750 2200 842 2277 gloria
862 2200 958 2259 terris:
1025 2195 1027 2200 ’
1169 2214 1205 2251 20

241 2311 317 2368 quae
339 2305 458 2353 maneat
478 2294 575 2367 caelis,
598 2295 697 2371 aspice
717 2306 811 2371 nupta
831 2295 897 2354 deo.

202 2407 322 2447 munera
342 2390 419 2449 laeta
439 2390 519 2467 capis
539 2390 651 2451 festiuis
671 2391 781 2467 fulgida
801 2391 912 2450 taedis:

241 2505 310 2545 ecce
331 2486 414 2546 uenit
435 2506 568 2564 sponsuS,
590 2507 712 2547 munera
732 2480 809 2546 laeta
829 2486 918 2563 capis·

202 2590 230 2639 et
250 2599 330 2640 noua
350 2582 503 2643 dulcisono
524 2583 683 2642 modularis
704 2582 834 2642 earmina
853 2585 973 2659 plectm,

242 2697 350 2754 sponsa
370 2680 480 2756 hymno
501 2682 614 2739 exultas
635 2691 666 2739 et
685 2699 764 2739 noua
783 2680 947 2741 dulcisono.

161 2825 163 2829 .
203 2777 298 2834 nullus
318 2776 356 2835 ab
377 2776 524 2837 altithroni
544 2777 687 2837 comitatu
707 2787 839 2853 segregat
858 2776 935 2853 agni,
994 2810 998 2826 ι

241 2890 330 2948 quam
350 2873 456 2931 affectu
477 2874 581 2933 tulerat
601 2875 699 2932 nullus
719 2874 758 2933 ab
778 2872 937 2933 altithroni.

603 3020 706 3105 [xm]

162 3144 312 3267 ANNO
334 3141 416 3220 regni
440 3142 568 3220 Ecgsridi
592 3162 673 3203 nono
697 3154 833 3203 conserto
850 3142 932 3219 graui
952 3144 1063 3219 proelio
1080 3143 1155 3204 inter

245 3242 341 3319 ipsum
362 3250 392 3299 et
407 3240 594 3300 AEdilredum
610 3258 709 3317 regem
729 3239 909 3300 Merciorum
922 3240 1012 3301 -iuxta'
1031 3240 1153 3300 fluuium

161 3346 296 3419 Treanta‚
322 3336 437 3401 occisus
459 3352 503 3402 est
526 3340 657 3401 Aelfuini
679 3342 766 3401 frater
787 3341 863 3420 regis
888 3342 1016 3420 Ecgsridi
1039 3341 1153 3402 iuuenis
1167 3366 1205 3423 30

550 3464 570 3497 ’Β
582 3464 703 3517 XVIIII
709 3478 754 3515 ms.
