2592 3834
119 226 161 309 η]
288 243 443 294 rancun.
477 239 646 293 nncrrsrr
662 240 711 289 nu
727 238 905 289 instruo.
1052 234 1089 295 79

523 504 660 565 'XXVII

139 674 290 755 4ODEM
318 682 417 731 autem
442 688 521 731 anno
546 666 713 730 dominicae
736 666 944 729 incarnationis
967 664 1092 728 dclxiiii⁰

202 772 277 829 sacta
294 779 356 829 erat
381 768 496 844 eclipsis
515 767 584 827 solis
608 766 657 826 die
679 765 765 826 tertio
784 766 893 826 mensis
922 766 996 826 Maii
1018 766 1092 827 hora

114 864 216 926 circiter
235 876 267 923 xa
290 863 367 924 diei:
406 882 465 939 quo
489 862 577 921 etiam
599 878 679 921 anno
704 860 801 920 subita
823 859 1007 937 pestilentiae
1026 863 1091 921 lues

89 962 285 1039 5depopulatis
320 960 399 1038 prius
434 957 607 1017 australibus
638 954 798 1015 Brittaniae
827 954 928 1031 plagis,
956 956 1092 1015 Norden·

113 1059 287 1133 hymbrorum
316 1076 437 1134 quoque
468 1051 653 1132 prouinciam
681 1053 840 1129 corripiens
870 1064 960 1130 atque
986 1054 1092 1114 acerba

114 1157 188 1216 clade
208 1156 314 1217 diutius
333 1159 421 1231 longe
440 1156 557 1229 lateque
577 1152 757 1225 desaeuiens,
780 1170 918 1229 magnam
937 1153 1091 1212 hominum

114 1252 319 1312 multitudinem
334 1248 441 1309 strauit
484 1268 543 1324 qua
556 1250 643 1325 plaga
662 1250 808 1325 praefatus
825 1246 938 1307 domini
956 1249 1092 1308 sacerdos

113 1348 191 1406 Tuda
210 1358 308 1424 raptus
327 1358 373 1407 est
390 1347 429 1406 de
447 1346 568 1416 mund0,
589 1354 619 1404 et
637 1344 668 1402 in
688 1342 867 1403 monasterio
886 1344 967 1419 quod
988 1342 1093 1403 dicitur

76 1459 103 1496 10
114 1445 293 1521 Paegnalaech
312 1441 474 1502 honorifice
492 1441 629 1517 sepultus.
673 1441 746 1498 haec
764 1450 864 1498 autem
880 1441 966 1515 plaga
985 1439 1092 1500 Hiber·

112 1540 182 1599 niam
202 1561 318 1618 quoque
336 1540 462 1599 insulam
483 1536 546 1615 pari
568 1538 652 1596 clade
674 1537 834 1613 premebat
877 1547 960 1595 erant
980 1534 1092 1596 ibidem

114 1654 145 1695 eo
163 1648 291 1715 tempore
312 1634 397 1695 multi
418 1632 561 1694 nobilium
582 1632 669 1692 simul
689 1644 719 1691 et
738 1630 929 1690 mediocrium
949 1631 987 1691 de
1004 1643 1092 1709 gente

114 1732 273 1808 Anglorum
302 1729 352 1809 qui
379 1741 511 1807 tempore
540 1727 646 1786 Finani
670 1738 700 1787 et
724 1726 861 1787 Colmani
889 1725 1092 1803 episcoporum

113 1826 204 1888 relicta
223 1827 319 1887 insula
339 1826 431 1904 patria
451 1828 497 1886 uel
517 1824 635 1884 diuinae
654 1823 787 1883 lectionis
805 1825 854 1881 uel
873 1822 1093 1883 continentioris

78 1924 181 1993 15nitae
202 1924 293 2002 gratia
315 1923 366 1984 illo
391 1932 577 1983 secesserant.
621 1932 652 1981 et
673 1920 792 1995 quidam
820 1918 940 1995 quidem
964 1939 1034 1979 mox
1061 1941 1093 1981 se

113 2023 282 2081 monasticae
296 2020 511 2085 conuersationi
530 2018 656 2077 fideliter
673 2016 923 2091 mancipauerunt‚
938 2016 987 2076 alii
1001 2018 1093 2094 magis

114 2114 281 2177 circueundo
308 2137 361 2194 per
387 2119 475 2176 cellas
502 2116 706 2190 magistrorum
733 2112 853 2173 lectioni
880 2133 1000 2191 operam
1023 2114 1093 2174 dare

112 2216 288 2289 gaudebant:
323 2234 397 2291 quos
425 2234 528 2275 omnes
555 2212 647 2273 Scotti
675 2209 866 2271 libentissime
893 2210 1092 2286 suscipientes,

112 2310 214 2371 uictum
232 2311 273 2373 eis
292 2312 473 2372 cotidianum
494 2311 557 2370 sine
577 2309 680 2387 pretio,
695 2309 785 2369 libros
803 2327 923 2385 quoque
940 2308 980 2367 ad
997 2309 1093 2385 legen·
1156 2301 1159 2305 ⁵

76 2412 103 2451 20
113 2405 175 2465 dum
189 2418 218 2467 et
230 2405 429 2484 magisterium
443 2404 599 2483 gratuitum
614 2406 753 2483 praebere
767 2405 916 2465 curabant.

32 2576 33 2579 Ἴ
164 2504 254 2561 Erant
267 2504 343 2561 inter
356 2502 409 2560 hos
424 2502 484 2561 duo
497 2500 618 2561 iuuenes
632 2519 756 2576 magnae
770 2499 877 2560 indolis
891 2499 930 2560 de
943 2498 1093 2561 nobilibus

112 2596 273 2672 Anglorum,
301 2596 428 2657 Edilhun
449 2608 484 2656 et
508 2598 661 2672 Ecgberct‚
684 2614 809 2671 quorum
832 2595 911 2671 prior
931 2595 1018 2654 frater
1039 2595 1093 2655 suit

113 2691 242 2766 Ediluini,
262 2692 317 2752 uiri
337 2712 431 2768 aeque
450 2692 509 2751 deo
528 2690 628 2751 dilecti
647 2690 698 2767 qui
720 2699 750 2749 et
770 2693 833 2766 lpse
855 2708 930 2750 aeuo
951 2700 1093 2765 sequente

113 2786 279 2849 Hiberniam
301 2789 392 2867 gratia
412 2788 531 2865 legendi
553 2787 626 2847 adiit
646 2798 676 2847 et
693 2790 771 2847 bene
794 2787 949 2847 instructus
969 2787 1092 2863 patriam

31 2902 32 2967 j
77 2882 188 2944 ²5rediit
208 2896 297 2960 atque
319 2884 474 2961 episcopus
497 2883 528 2943 in
541 2883 703 2960 prouincia
730 2881 858 2942 Lindissi
884 2884 978 2942 factus
999 2884 1092 2942 multo

112 2978 256 3037 ecclesiam
280 2989 412 3055 tempore
436 2978 617 3038 nobilissime
636 2975 718 3038 rexit.
759 2976 790 3035 hi
814 2996 883 3053 ergo
905 2995 972 3036 cum
995 2988 1093 3036 essent

31 3146 32 3151 η
112 3071 138 3129 in
150 3073 324 3133 monasterio
338 3075 419 3150 quod
432 3073 532 3150 lingua
545 3075 712 3133 Scottorum
724 3070 918 3147 Rathmelsigi
931 3070 1093 3146 appellatur

112 3180 137 3228 et
149 3189 249 3230 omnes
268 3170 341 3231 socii
358 3170 489 3247 ipsorum
510 3171 558 3229 uel
577 3168 754 3228 mortalitate
767 3168 806 3228 de
820 3168 937 3226 saeculo
952 3163 1027 3242 rapti
1043 3169 1093 3225 uel

31 3272 32 3279 ’
111 3280 157 3337 per
178 3264 235 3324 alia
255 3275 354 3324 essent
380 3266 446 3323 loca
473 3263 604 3339 dispersi,
633 3262 758 3340 correpti
785 3273 854 3323 sunt
875 3262 964 3321 ambo
988 3262 1093 3322 morbo

31 3358 32 3363 ¹
189 3375 345 3442 ‘pestilentia
361 3391 407 3425 ins.
539 3374 653 3424 ⁶acmca
672 3391 716 3427 ms.
848 3373 870 3408 ²⁶
885 3374 923 3425 ali
937 3388 982 3425 ms.

528 3455 548 3487 ²¹
565 3457 623 3505 duos
639 3473 686 3506 ms.
