2592 3834
174 233 230 290 186
403 243 573 294 WrrrrAM
593 245 642 294 or
658 243 927 298 Marnnsarmr.
1050 224 1162 308 [rasm-

230 375 303 450 §57
344 371 455 432 Deficit
481 370 531 432 hic
556 372 716 449 ingenium,
745 371 910 432 succumbit
933 371 1091 449 eloquium,
1112 390 1163 433 ne·

172 468 290 530 scientis
309 468 380 546 quid
399 470 466 545 plus
483 470 611 549 laudem,
630 470 770 529 librorum
789 468 1028 530 numerositatem
1048 490 1087 529 an
1108 489 1164 530 ser-

172 585 294 625 monum
327 555 553 624 sobrietatemz‘
570 563 716 624 infuderat
750 584 818 625 eum
852 567 955 642 procul
980 567 1074 626 dubio
1102 585 1162 624 non

172 661 294 737 indigno
315 663 422 721 haustu
446 659 547 719 diuina
570 661 722 737 sapientia,
744 672 776 721 ut
796 672 920 737 angusto
939 660 1017 722 uitae
1038 662 1163 738 spatiolo

172 769 255 818 tanta
267 759 429 818 elaboraret
442 757 600 817 uolumina
634 758 729 834 quid?
748 759 830 835 quod
844 747 939 818 serunt
953 777 1021 818 eum
1035 761 1162 819 Romam
1199 769 1220 829 5·

172 852 269 925 iuisse‚
285 864 318 912 ut
338 853 427 913 libros
448 873 517 913 suos
535 855 583 912 uel
604 853 820 914 ecclesiasticae
842 853 992 913 doctrinae
1006 853 1164 914 conuenire

172 969 311 1027 praesens
335 961 483 1021 assereret,
506 951 561 1022 uel,
582 949 606 1008 si
626 952 806 1024 resultarent,
828 951 990 1026 apostolico
1011 963 1084 1010 nutu
1104 970 1165 1010 cor·

173 1045 286 1121 riperet
321 1057 524 1105 uerumtamen
538 1047 619 1121 quod
634 1047 749 1105 Romae
760 1044 848 1105 ruerit
861 1045 954 1106 solide
967 1064 1030 1105 non
1039 1047 1164 1120 affirmo,

172 1144 226 1203 sed
246 1162 314 1202 eum
328 1141 397 1201 illuc
415 1141 570 1204 inuitatum
588 1143 668 1202 haud
688 1143 777 1202 dubie
795 1142 971 1220 pronuntio;
992 1145 1073 1220 quod
1091 1146 1165 1203 haec

172 1237 298 1314 epistula
322 1240 431 1297 clarum
452 1236 548 1309 saciet,
570 1237 658 1296 simul
682 1248 712 1298 et
733 1237 835 1314 quanti
857 1239 993 1315 penderit
1014 1258 1082 1298 eum
1105 1241 1166 1298 Ro·
1180 1256 1218 1296 ιο

174 1354 263 1394 mana
275 1335 361 1394 sedes
375 1345 407 1393 ut
421 1353 490 1392 eum
503 1345 657 1409 tantopere
672 1333 857 1395 desideraret.

233 1435 248 1507 5
262 1436 300 1510 58
325 1431 458 1508 ‘Sergius
472 1431 637 1506 episcopus,
649 1451 749 1490 seruus
760 1451 910 1491 seruorum
924 1431 981 1504 dci,
996 1432 1165 1493 Cheolfrido

167 1530 310 1607 =religioso
339 1528 441 1589 abbati
473 1527 865 1587 salutem....benedictionis
895 1528 1006 1588 interea
1034 1529 1165 1606 gratiam,

174 1646 265 1703 quam
278 1626 365 1687 nobis
378 1645 431 1702 per
443 1635 627 1701 praesentem
642 1623 813 1699 portitorem
827 1636 877 1683 tua
891 1623 969 1684 misit
982 1627 1091 1686 deuota
1104 1627 1167 1686 reli·

174 1725 232 1800 gio,
242 1722 345 1783 libenti
358 1732 388 1781 et
401 1720 484 1779 hilari
497 1719 606 1790 animo,
618 1717 704 1777 sicuti
717 1720 756 1779 ab
770 1738 806 1778 ea
816 1719 928 1778 directa
937 1730 990 1792 est,
999 1739 1054 1779 nos
1069 1739 1165 1779 susce·
1180 1733 1217 1792 15

174 1819 253 1896 pisse
269 1811 433 1893 'cognosce
484 1813 637 1890 oportunis
665 1833 733 1891 ergo
761 1835 796 1874 ac
823 1815 918 1892 dignis
942 1816 1166 1891 amplectendae

175 1911 380 1973 sollicitudinis
394 1923 461 1970 tuae
475 1909 667 1986 petitionibus
687 1909 829 1971 artissima
845 1905 1005 1972 deuotione
1023 1912 1165 1986 fauentes,

174 2009 326 2068 hortamur
353 2007 410 2065 deo
444 2006 583 2065 dilectam
610 2005 805 2081 religiositatis
832 2016 899 2066 tuae
926 2004 1098 2079 bonitatem,
1123 2017 1165 2079 ut,

163 2104 246 2182 ·quia
259 2101 367 2162 exortis
381 2100 557 2178 quibusdam
571 2100 833 2160 ecclesiasticarum
851 2121 1004 2161 causarum
1022 2101 1165 2178 capitulis,

175 2217 237 2260 non
260 2199 324 2257 sine
348 2195 564 2256 examinatione
587 2196 704 2272 longius
728 2195 956 2270 innotescendis,
981 2217 1057 2274 opus
1080 2197 1166 2279 nobis
1181 2212 1220 2250 20

175 2294 303 2356 suntad
323 2292 534 2352 conferendum
558 2302 620 2350 arte
642 2291 820 2351 litteraturae
844 2291 957 2366 imbuti,
981 2291 1058 2352 sicut
1081 2295 1167 2353 decet

175 2391 318 2450 deuotum
338 2386 539 2446 auxiliatorem
562 2397 682 2445 sanctae
704 2384 803 2446 matris
824 2387 994 2447 uniuersalis
1014 2387 1166 2461 ecclesiae,

175 2486 365 2548 obedientem
379 2483 568 2544 deuotionem
583 2483 652 2541 huic
665 2494 782 2542 nostrae
795 2483 954 2544 hortationi
967 2503 1029 2544 non
1045 2485 1168 2544 desistas

174 2582 409 2651 accommodare,
432 2579 486 2638 sed
512 2580 625 2654 absque
645 2579 744 2654 aliqua
770 2578 976 2639 immoratione
999 2579 1167 2656 religiosum

174 2678 225 2739 dei
238 2679 379 2736 famulum
393 2676 506 2735 Bedam
527 2674 703 2734 uenerabilis
723 2675 893 2735 monasterii
911 2675 954 2735 tui
968 2679 1167 2754 presbyterum
1184 2699 1198 2737 2
1204 2695 1221 2756 5

175 2775 215 2834 ad
229 2773 329 2832 limina
342 2773 544 2849 apostolorum
557 2769 723 2846 principum
737 2771 923 2830 dominorum
940 2790 1072 2830 meorum
1089 2771 1169 2830 Petri

176 2883 206 2934 et
234 2870 325 2945 Pauli,
353 2879 517 2930 amatorum
547 2881 662 2928 tuorum
690 2886 726 2926 ac
751 2878 958 2944 protectorum,
986 2869 1026 2928 ad
1051 2880 1169 2928 nostrae

175 2965 385 3028 mediocritatis
399 2975 592 3040 conspectum
605 2982 667 3022 non
681 2962 801 3021 moreris
812 2961 943 3037 dirigere,
952 2982 1041 3039 quem
1052 2965 1169 3024 fauente

175 3062 297 3124 domino
319 3059 429 3120 sanctis
452 3059 509 3118 tuis
532 3058 668 3136 precibus
692 3077 754 3117 non
778 3056 893 3116 diffidas
914 3074 1052 3134 prospere
1075 3059 1114 3118 ad
1138 3070 1168 3120 te

175 3157 277 3230 redire,
299 3165 418 3232 peracta
438 3152 663 3230 praemissorum
687 3151 881 3228 capitulorum
901 3171 969 3211 cum
989 3151 1098 3214 auxilio
1119 3154 1168 3215 dei
1183 3175 1226 3230 30

175 3252 341 3312 desiderata
367 3249 573 3311 sollemnitate.
618 3249 674 3310 erit
700 3248 787 3324 enim,
813 3261 846 3309 ut
872 3249 1057 3324 confidimus,
1080 3251 1168 3312 etiam

222 3401 244 3434 ’θ
259 3417 298 3449 ms
309 3401 401 3450 Cotton
413 3401 489 3449 'liber
500 3401 525 3448 A
536 3415 569 3448 xv
581 3377 701 3448 famulum
717 3395 758 3447 dei
774 3397 801 3446 N
812 3395 958 3447 uenerabilis
969 3399 1109 3450 monasterii
1121 3399 1164 3454 tui.

175 3466 203 3518 cs
211 3464 425 3516 Hadrian-stubbs
436 3476 469 3514 111
482 3466 528 3526 ²48
541 3476 596 3528 249·
905 3473 906 3478 ¹
