2592 3834
188 260 225 316 92
398 256 573 304 aaronitas
594 256 725 307 ouban
751 256 958 308 raaooora.
1119 241 1179 325 [IV

667 467 701 524 II

252 595 441 653 ERVENIT
464 604 565 653 autem
586 593 763 652 Theodorus
790 593 829 652 ad
852 592 1008 653 ecclesiam
1030 607 1113 655 suam¹
1137 616 1180 657 se-

270 693 368 752 cundo
381 701 539 767 postquam
553 701 738 748 consecratus
753 700 796 748 est
810 708 889 748 anno
904 691 959 750 sub
974 690 1022 751 die
1035 692 1068 750 ui
1080 693 1179 751 kalen-

187 782 291 842 darum
306 783 456 842 Iuniarum
475 783 624 842 dominica
637 794 667 842 et
680 782 749 842 fecit
765 782 796 841 in
816 801 851 842 ea
868 802 962 842 annos
981 805 1020 842 xx
1038 797 1067 845 et
1086 806 1178 845 unum

187 899 303 940 menses
317 879 348 939 iii
361 880 423 940 dies
438 879 514 938 xxui.
556 897 685 955 moxque
701 890 851 956 peragrata
868 878 962 938 insula
975 891 1038 940 tota
1053 902 1179 958 quaqua·
1213 901 1229 959 5

187 996 305 1036 uersum
323 978 485 1053 Anglorum
506 986 607 1052 gentes
628 977 825 1049 morabantur,
847 995 915 1034 nam
938 988 967 1036 et
988 977 1178 1039 libentissime

186 1071 225 1130 ab
243 1070 381 1130 omnibus
399 1071 609 1147 suscipiebatur
624 1081 713 1147 atque
731 1071 910 1143 audiebatur,
928 1082 1039 1131 rectum
1057 1073 1179 1133 uiuendi

187 1169 320 1228 ordinem
343 1167 433 1227 ritum
454 1170 580 1243 paschae
607 1168 776 1228 celebrandi
802 1168 978 1227 canonicum
1004 1188 1058 1245 per
1078 1171 1178 1229 omnia

187 1263 346 1323 comitante
373 1275 402 1323 et
431 1274 607 1339 cooperante
636 1262 791 1323 Hadriano
821 1263 1038 1325 disseminabat.
1094 1263 1178 1341 isque

187 1360 297 1437 primus
312 1373 372 1420 erat
390 1360 421 1419 in
440 1360 674 1437 archiepiscopis,
694 1360 743 1419 cui
761 1362 857 1419 omnis
875 1362 1037 1436 Anglorum
1054 1361 1178 1422 ecclesia
1197 1387 1230 1428 ιο

187 1476 290 1516 manus
318 1459 387 1518 dare
411 1455 595 1516 consentiret
646 1467 676 1515 et
703 1456 771 1532 quia
797 1455 898 1516 litteris
925 1455 1012 1515 sacris
1039 1457 1125 1517 simul
1149 1470 1178 1518 et

187 1551 382 1611 saecularibus
407 1562 439 1610 ut
462 1552 586 1610 diximus
612 1552 798 1610 abundanter
820 1552 909 1610 ambo
931 1563 1014 1611 erant
1036 1551 1176 1625 instructi,

187 1659 361 1725 congregata
385 1647 595 1723 discipulorum
616 1657 734 1705 caterua
756 1646 894 1706 scientiae
917 1647 1048 1708 salutaris
1070 1649 1178 1710 cotidie

186 1743 308 1803 flumina
321 1743 478 1820 inrigandis
498 1762 599 1802 eorum
618 1743 754 1802 cordibus
774 1744 967 1803 emanabant:
988 1744 1029 1803 ita
1041 1757 1074 1805 ut
1088 1747 1177 1804 etiam

186 1837 324 1898 metricae
351 1837 419 1897 artis
451 1836 647 1896 astronomiae
675 1848 704 1896 et
731 1837 930 1898 arithmeticae
964 1838 1176 1899 ecclesiasticae
1194 1869 1226 1930 15

187 1933 372 2010 disciplinam
394 1931 469 1991 inter
491 1938 638 1990 sacrorum
657 1931 774 2008 apicum
792 1933 945 1992 uolumina
964 1933 1023 1992 suis
1041 1933 1178 1993 auditori-

186 2031 242 2090 bus
258 2032 470 2091 contraderent.
514 2027 624 2088 indicio
640 2040 686 2088 est
704 2030 784 2105 quod
803 2049 895 2106 usque
914 2029 1003 2089 hodie
1024 2040 1177 2106 supersunt

187 2130 225 2188 de
240 2147 340 2186 eorum
354 2127 505 2204 discipulis
519 2126 570 2203 qui
582 2125 716 2185 Latinam
726 2128 928 2203 Graecamque
941 2125 1069 2203 linguam
1083 2147 1176 2202 aeque

186 2233 219 2282 ut
236 2221 384 2299 propriam
401 2221 432 2280 in
450 2241 509 2298 qua
523 2221 584 2280 nati
597 2231 666 2280 sunt
679 2232 794 2280 norunt.
836 2240 932 2297 neque
946 2240 1086 2296 umquam
1099 2241 1177 2298 pror-

187 2340 235 2379 sus
246 2340 282 2380 ex
293 2339 352 2398 quo
363 2319 533 2378 Brittaniam
547 2318 692 2395 petierunt
701 2319 789 2394 Angli
799 2317 927 2377 feliciora
937 2319 1016 2376 fuere
1028 2330 1159 2394 tempora
1168 2339 1177 2392 3
1192 2351 1228 2388 20

187 2420 259 2479 dum
284 2429 314 2477 et
336 2417 507 2477 fortissimos
532 2416 770 2492 Christianosque
797 2417 938 2476 habentes
958 2437 1041 2494 reges
1064 2417 1176 2476 cunctis

186 2514 317 2574 barbaris
331 2515 500 2574 nationibus
516 2523 614 2573 essent
632 2512 734 2572 terrori
751 2523 781 2572 et
799 2513 931 2572 omnium
948 2525 1020 2572 uota
1032 2514 1070 2572 ad
1085 2533 1178 2589 nuper

186 2609 287 2669 audita
308 2609 441 2670 caelestis
460 2609 542 2686 regni
561 2608 670 2684 gaudia
690 2609 853 2683 penderent
871 2617 901 2667 et
922 2607 1100 2684 quicumque
1122 2610 1178 2666 lec-

187 2704 317 2766 tionibus
336 2705 424 2764 sacris
443 2715 583 2781 cuperent
601 2702 708 2763 erudiri
724 2704 867 2762 haberent
887 2702 919 2761 in
938 2714 1057 2779 promtu
1074 2703 1178 2780 magis-

188 2814 248 2862 tros
262 2801 314 2878 qui
328 2802 477 2862 docerent.
1193 2829 1207 2867 2
1211 2826 1226 2885 5

247 2898 306 2959 Sed
320 2908 349 2958 et
362 2915 452 2957 sonos
466 2895 605 2955 cantandi
618 2894 650 2953 in
664 2893 795 2967 ecclesia,
807 2913 882 2970 quos
893 2905 1015 2956 eatenus
1029 2895 1060 2955 in
1071 2897 1177 2960 Cantia

187 3007 301 3057 tantum
326 3005 480 3067 nouerant,
503 2995 541 3053 ab
565 2994 624 3053 hoc
645 3004 778 3068 tempore
804 3011 857 3070 per
884 3013 987 3053 omnes
1013 2996 1177 3070 Anglorum

186 3091 325 3152 ecclesias
344 3089 456 3150 discere
474 3098 654 3165 coeperunt:
674 3087 851 3164 primusque,
869 3099 993 3165 excepto
1012 3091 1125 3149 Iacobo
1139 3091 1177 3149 de

186 3209 246 3267 quo
269 3207 355 3265 supra
379 3186 513 3259 diximus,
541 3184 681 3244 cantandi
704 3183 841 3259 magister
863 3185 1176 3261 Nordanhymbrorum

186 3284 317 3345 ecclesiis
339 3282 439 3343 Aeddi
466 3292 665 3359 cognomento
692 3282 858 3357 Stephanus
885 3283 947 3354 fuit,
972 3282 1111 3342 inuitatus
1139 3284 1176 3342 de
1191 3313 1228 3368 30

187 3381 294 3445 Cantia
321 3401 340 3441 a
365 3378 599 3441 reuerentissimo
626 3377 690 3437 uiro
717 3377 851 3457 Vilfrido,
879 3378 932 3457 qui
964 3378 1074 3456 primus
1101 3377 1177 3440 inter

545 3498 567 3532 ¹⁶
582 3497 755 3549 arithmeticae
764 3513 809 3550 ms.
