2592 3834
133 246 183 329 23]
272 262 507 313 Monxsraax
522 261 639 311 111111
658 261 714 310 ax
729 262 867 313 nrsrrop
889 262 999 313 canu.
1083 245 1123 321 63

569 595 683 655 XXIII

183 754 349 815 OLEBAT
366 765 466 813 autem
486 752 566 813 idem
584 752 629 811 uir
646 751 766 824 domini,
782 770 850 811 cum
863 752 944 829 apud
957 750 1122 813 Orientales

201 852 332 909 Saxones
358 849 543 926 episcopatus
567 848 665 909 officio
688 849 862 925 fungeretur,
891 848 1006 926 saepius
1032 848 1121 908 etiam

128 964 221 1019 suam,
250 946 282 1006 id
309 957 354 1005 est
381 945 703 1021 Nordanhymbrorum,
738 943 921 1020 prouinciam
947 944 1122 1005 exhortandi

94 1040 221 1120 5gratia
241 1040 386 1101 reuisere:
413 1059 501 1117 quem
525 1059 593 1099 cum
617 1040 769 1101 Oidiluald
792 1039 868 1097 filius
890 1039 1015 1100 Osualdi
1034 1040 1119 1116 regis,

127 1136 180 1213 qui
201 1136 233 1195 in
254 1140 401 1196 Derorum
420 1136 550 1213 partibus
571 1154 695 1211 regnum
714 1136 851 1206 habebat,
872 1134 968 1193 uirum
986 1147 1119 1194 sanctum

127 1244 159 1293 et
182 1230 344 1308 sapientem
367 1233 551 1308 probumque
575 1230 706 1289 moribus
723 1229 845 1302 uideret,
867 1229 1027 1305 postulauit
1049 1248 1119 1289 eum

126 1328 348 1404 possessionem
366 1340 456 1387 terrae
477 1328 605 1403 aliquam
618 1346 637 1385 a
649 1346 682 1385 se
700 1328 739 1386 ad
756 1326 987 1385 construendum
1005 1344 1119 1385 monas·

126 1424 234 1483 terium
252 1424 394 1499 accipere,
409 1422 439 1482 in
454 1442 513 1500 quo
531 1423 594 1499 ipse
612 1442 664 1481 rex
676 1432 706 1481 et
719 1422 898 1498 frequentius
911 1424 951 1481 ad
964 1422 1120 1497 deprecan-

72 1551 114 1589 10
127 1523 203 1581 dum
223 1522 376 1581 dominum
395 1522 576 1598 uerbumque
596 1521 777 1581 audiendum
797 1520 936 1580 aduenire
953 1529 984 1579 et
1002 1522 1121 1581 defunc·

128 1629 177 1699 tus
192 1617 308 1694 sepeliri
326 1618 453 1677 deberet.
495 1636 564 1676 narn
578 1628 607 1676 et
621 1618 750 1694 seipsum
768 1617 892 1676 fideliter
907 1616 1032 1676 credidit
1047 1619 1122 1675 mul-

126 1728 194 1774 tum
217 1713 312 1773 iuuari
332 1732 434 1773 eorum
454 1713 633 1773 orationibus
661 1713 825 1787 cotidianis,
853 1712 904 1790 qui
929 1712 981 1774 illo
1001 1712 1033 1772 in
1053 1715 1121 1773 loco

127 1810 254 1871 domino
268 1810 416 1869 seruirent.
458 1811 599 1870 habuerat
616 1820 716 1870 autem
733 1809 814 1869 idem
828 1829 878 1868 rex
891 1829 992 1869 secum
1005 1811 1120 1869 fratrem
1208 1875 1213 1887 ι

125 1908 302 1985 germanum
321 1908 454 1967 eiusdem
474 1906 606 1983 episcopi
625 1907 772 1966 uocabulo
791 1905 894 1966 Caelin
912 1906 1007 1965 uirum
1025 1925 1120 1981 aeque

72 2032 110 2091 15
127 2008 189 2065 deo
207 2006 359 2077 deuotum,
379 2004 430 2081 qui
448 2004 504 2081 ipsi
523 2024 558 2063 ac
578 2004 705 2063 familiae
723 2002 815 2079 ipsius
833 2004 956 2062 uerbum
977 2015 1006 2061 et
1027 2022 1120 2062 sacra·

126 2112 231 2160 menta
251 2100 329 2172 fidei,
352 2112 413 2161 erat
439 2100 518 2163 enim
545 2100 703 2176 presbyter,
731 2098 892 2158 ministrare
919 2100 1041 2171 solebat,
1068 2118 1121 2175 per

126 2195 215 2255 cuius
236 2196 370 2255 notitiam
388 2196 516 2255 maxime
536 2196 575 2254 ad
594 2196 776 2273 diligendum
798 2198 1040 2273 noscendumque
1062 2196 1121 2273 epi-

126 2313 257 2370 scopum
279 2293 422 2370 peruenit.
462 2295 564 2353 fauens
587 2312 657 2369 ergo
680 2293 758 2353 uotis
785 2293 860 2370 regis
886 2293 1006 2353 antistes
1033 2293 1120 2369 elegit

126 2390 188 2451 sibi
210 2390 310 2449 locum
334 2390 501 2449 monasterii
522 2388 711 2449 construendi
734 2388 765 2447 in
788 2389 938 2449 montibus
964 2389 1061 2449 arduis
1085 2410 1120 2449 ac

70 2519 113 2557 20
126 2488 260 2560 remotis
274 2486 305 2545 in
319 2487 425 2563 quibus
443 2489 588 2545 latronum
607 2486 699 2561 magis
712 2486 833 2546 latibula
845 2505 881 2544 ac
895 2487 983 2544 lustra
995 2488 1119 2545 serarum

127 2602 222 2661 quam
235 2582 402 2642 habitacula
419 2582 507 2641 fuisse
524 2581 699 2641 uidebantur
716 2582 888 2641 hominum:
908 2591 942 2640 ut
958 2580 1038 2640 iuxta
1056 2601 1121 2657 pro·
1178 2598 1180 2601 ’

126 2681 262 2759 phetiam
275 2679 368 2740 isaiae
381 2680 424 2738 ‘in
434 2679 587 2751 cubilibus,
599 2678 630 2737 in
644 2678 751 2754 quibus
762 2678 840 2753 prius
854 2680 996 2737 dracones
1009 2677 1119 2738 habita·

126 2779 212 2848 bant,
227 2774 348 2834 oriretur
365 2774 443 2834 uiror
461 2774 565 2833 calami
579 2784 608 2833 et
622 2773 719 2846 iunci‚'
738 2775 828 2833 idest
846 2775 955 2832 fructus
973 2775 1119 2833 bonorum

125 2889 255 2947 operum
267 2869 309 2928 ibi
323 2880 515 2942 nascerentur,
530 2869 581 2928 ubi
594 2868 673 2945 prius
686 2871 735 2927 uel
749 2869 859 2928 bestiae
877 2867 1051 2928 commorari
1070 2871 1119 2928 uel

70 2996 86 3034 2
91 2994 108 3052 5
125 2964 267 3026 homines
279 2965 439 3025 bestialiter
451 2964 550 3025 uiuere
564 2976 747 3024 consuerant.
991 2969 993 2974 ’

191 3064 319 3123 Studens
338 3074 437 3121 autem
458 3062 504 3121 uir
525 3060 637 3121 domini
657 3073 811 3137 acceptum
831 3057 999 3119 monasterii
1017 3059 1118 3117 locum

124 3160 227 3238 primo
243 3158 378 3235 precibus
396 3178 431 3217 ae
450 3156 565 3219 ieiuniis
583 3177 601 3215 a
619 3156 740 3233 pristina
757 3156 931 3233 flagitiorum
950 3155 1035 3213 sorde
1053 3172 1119 3229 pur·

122 3275 197 3333 gare
218 3254 310 3315 etsie
330 3253 361 3313 in
382 3273 419 3313 eo
439 3253 606 3313 monasterii
627 3254 818 3313 fundamenta
837 3250 939 3322 iacere,
958 3249 1119 3324 postulauit

123 3374 143 3415 a
162 3371 233 3429 rege
251 3362 283 3411 ut
305 3350 361 3411 sibi
381 3361 476 3411 totum
496 3352 591 3410 xlmae
614 3361 730 3427 tempus
750 3351 833 3427 quod
854 3346 981 3407 instabat
1001 3348 1119 3408 faculta-

493 3480 503 3515 7
515 3482 694 3547 postulauitque
707 3498 753 3531 ms.
