<?xml version="1.0" encoding="UTF-8"?>
<!DOCTYPE html PUBLIC "-//W3C//DTD XHTML 1.0 Transitional//EN"
    "http://www.w3.org/TR/xhtml1/DTD/xhtml1-transitional.dtd">
<html xmlns="http://www.w3.org/1999/xhtml" xml:lang="en" lang="en">
 <head>
  <title>
</title>
<meta http-equiv="Content-Type" content="text/html;charset=utf-8" />
  <meta name='ocr-system' content='tesseract 3.04.00' />
  <meta name='ocr-capabilities' content='ocr_page ocr_carea ocr_par ocr_line ocrx_word'/>
</head>
<body>
  <div class='ocr_page' id='page_1' title='image "./historiaeeccles00lumbgoog_0115.png"; bbox 0 0 2592 3834; ppageno 0'>
   <div class='ocr_carea' id='block_1_1' title="bbox 129 198 1112 281">
    <p class='ocr_par' dir='ltr' id='par_1_1' title="bbox 129 198 1112 281">
     <span class='ocr_line' id='line_1_1' title="bbox 129 198 1112 281; baseline -0.008 -14"><span class='ocrx_word' id='word_1_1' title='bbox 129 198 161 281; x_wconf 91' lang='lat'>1]</span> <span class='ocrx_word' id='word_1_2' title='bbox 317 216 366 266; x_wconf 71' lang='lat' dir='ltr'>on</span> <span class='ocrx_word' id='word_1_3' title='bbox 380 217 447 266; x_wconf 75' lang='lat' dir='ltr'>nis</span> <span class='ocrx_word' id='word_1_4' title='bbox 464 215 644 280; x_wconf 68' lang='lat' dir='ltr'>musnay</span> <span class='ocrx_word' id='word_1_5' title='bbox 665 216 710 266; x_wconf 78' lang='lat' dir='ltr'>ro</span> <span class='ocrx_word' id='word_1_6' title='bbox 730 215 921 265; x_wconf 68' lang='lat' dir='ltr'>anniano.</span> <span class='ocrx_word' id='word_1_7' title='bbox 1074 214 1112 279; x_wconf 84' lang='lat'>9¹</span> 
     </span>
    </p>
   </div>
   <div class='ocr_carea' id='block_1_2' title="bbox 17 343 1116 2930">
    <p class='ocr_par' dir='ltr' id='par_1_2' title="bbox 17 343 1116 2930">
     <span class='ocr_line' id='line_1_2' title="bbox 125 343 1116 426; baseline -0.004 -18"><span class='ocrx_word' id='word_1_8' title='bbox 125 349 240 409; x_wconf 79' lang='lat' dir='ltr'>dissent</span> <span class='ocrx_word' id='word_1_9' title='bbox 261 349 388 409; x_wconf 87' lang='lat' dir='ltr'><strong>Iohanni</strong></span> <span class='ocrx_word' id='word_1_10' title='bbox 408 348 627 426; x_wconf 85' lang='lat' dir='ltr'>archiepiscopo</span> <span class='ocrx_word' id='word_1_11' title='bbox 651 345 776 407; x_wconf 87' lang='lat' dir='ltr'>ciuitatis</span> <span class='ocrx_word' id='word_1_12' title='bbox 803 343 879 404; x_wconf 91' lang='lat' dir='ltr'>illius</span> <span class='ocrx_word' id='word_1_13' title='bbox 905 343 1011 420; x_wconf 87' lang='lat' dir='ltr'>scripta</span> <span class='ocrx_word' id='word_1_14' title='bbox 1037 364 1116 405; x_wconf 84' lang='lat' dir='ltr'>corn-</span> 
     </span>
     <span class='ocr_line' id='line_1_3' title="bbox 124 443 1114 523; baseline 0 -19"><span class='ocrx_word' id='word_1_15' title='bbox 124 445 305 506; x_wconf 90' lang='lat' dir='ltr'>mendaticia</span> <span class='ocrx_word' id='word_1_16' title='bbox 317 446 457 506; x_wconf 88' lang='lat' dir='ltr'>Vitaliani</span> <span class='ocrx_word' id='word_1_17' title='bbox 471 446 624 523; x_wconf 87' lang='lat' dir='ltr'>pontificis,</span> <span class='ocrx_word' id='word_1_18' title='bbox 639 444 744 505; x_wconf 86' lang='lat' dir='ltr'>retenti</span> <span class='ocrx_word' id='word_1_19' title='bbox 762 453 830 503; x_wconf 90' lang='lat' dir='ltr'>sunt</span> <span class='ocrx_word' id='word_1_20' title='bbox 848 443 885 503; x_wconf 91' lang='lat' dir='ltr'>ab</span> <span class='ocrx_word' id='word_1_21' title='bbox 900 461 945 516; x_wconf 84' lang='lat' dir='ltr'>eu,</span> <span class='ocrx_word' id='word_1_22' title='bbox 960 462 1114 519; x_wconf 89' lang='lat' dir='ltr'>quousque</span> 
     </span>
     <span class='ocr_line' id='line_1_4' title="bbox 124 540 1115 620; baseline -0.001 -20"><span class='ocrx_word' id='word_1_23' title='bbox 124 541 255 602; x_wconf 83' lang='lat' dir='ltr'>Ebrinus</span> <span class='ocrx_word' id='word_1_24' title='bbox 264 543 357 603; x_wconf 88' lang='lat' dir='ltr'>maior</span> <span class='ocrx_word' id='word_1_25' title='bbox 366 545 471 604; x_wconf 89' lang='lat' dir='ltr'>domus</span> <span class='ocrx_word' id='word_1_26' title='bbox 481 543 575 620; x_wconf 84' lang='lat' dir='ltr'>regiae</span> <span class='ocrx_word' id='word_1_27' title='bbox 586 543 703 620; x_wconf 89' lang='lat' dir='ltr'>copiam</span> <span class='ocrx_word' id='word_1_28' title='bbox 716 540 857 618; x_wconf 88' lang='lat' dir='ltr'>pergendi</span> <span class='ocrx_word' id='word_1_29' title='bbox 871 559 991 616; x_wconf 92' lang='lat' dir='ltr'>quoquo</span> <span class='ocrx_word' id='word_1_30' title='bbox 1004 541 1115 600; x_wconf 92' lang='lat' dir='ltr'>uellent</span> 
     </span>
     <span class='ocr_line' id='line_1_5' title="bbox 123 635 1115 717; baseline 0 -21"><span class='ocrx_word' id='word_1_31' title='bbox 123 637 227 697; x_wconf 85' lang='lat' dir='ltr'>tribuit</span> <span class='ocrx_word' id='word_1_32' title='bbox 245 638 294 698; x_wconf 87' lang='lat' dir='ltr'>eis</span> <span class='ocrx_word' id='word_1_33' title='bbox 336 658 396 715; x_wconf 91' lang='lat' dir='ltr'>qua</span> <span class='ocrx_word' id='word_1_34' title='bbox 412 650 534 717; x_wconf 89' lang='lat' dir='ltr'>accepta</span> <span class='ocrx_word' id='word_1_35' title='bbox 554 639 731 698; x_wconf 89' lang='lat' dir='ltr'>Theodorus</span> <span class='ocrx_word' id='word_1_36' title='bbox 751 638 898 713; x_wconf 84' lang='lat' dir='ltr'>profectus</span> <span class='ocrx_word' id='word_1_37' title='bbox 917 637 1017 696; x_wconf 89' lang='lat' dir='ltr'>estad</span> <span class='ocrx_word' id='word_1_38' title='bbox 1036 635 1115 713; x_wconf 88' lang='lat' dir='ltr'>Agil-</span> 
     </span>
     <span class='ocr_line' id='line_1_6' title="bbox 91 730 1114 812; baseline -0.001 -20"><span class='ocrx_word' id='word_1_39' title='bbox 91 735 259 808; x_wconf 83' lang='lat' dir='ltr'>5berctum</span> <span class='ocrx_word' id='word_1_40' title='bbox 281 735 457 795; x_wconf 82' lang='lat' dir='ltr'>Parisiorum</span> <span class='ocrx_word' id='word_1_41' title='bbox 478 735 657 812; x_wconf 89' lang='lat' dir='ltr'>episcopum,</span> <span class='ocrx_word' id='word_1_42' title='bbox 680 735 719 794; x_wconf 91' lang='lat' dir='ltr'>de</span> <span class='ocrx_word' id='word_1_43' title='bbox 740 753 801 810; x_wconf 92' lang='lat' dir='ltr'>quo</span> <span class='ocrx_word' id='word_1_44' title='bbox 822 731 952 809; x_wconf 88' lang='lat' dir='ltr'>superius</span> <span class='ocrx_word' id='word_1_45' title='bbox 978 730 1114 806; x_wconf 82' lang='lat' dir='ltr'>diximus,</span> 
     </span>
     <span class='ocr_line' id='line_1_7' title="bbox 122 834 1110 913; baseline 0.004 -21"><span class='ocrx_word' id='word_1_46' title='bbox 122 844 156 893; x_wconf 95' lang='lat' dir='ltr'>et</span> <span class='ocrx_word' id='word_1_47' title='bbox 174 835 211 894; x_wconf 85' lang='lat' dir='ltr'>ab</span> <span class='ocrx_word' id='word_1_48' title='bbox 231 853 267 894; x_wconf 91' lang='lat' dir='ltr'>eo</span> <span class='ocrx_word' id='word_1_49' title='bbox 285 835 411 912; x_wconf 88' lang='lat' dir='ltr'>benigne</span> <span class='ocrx_word' id='word_1_50' title='bbox 429 847 580 912; x_wconf 90' lang='lat' dir='ltr'>susceptus</span> <span class='ocrx_word' id='word_1_51' title='bbox 601 847 631 895; x_wconf 89' lang='lat' dir='ltr'>et</span> <span class='ocrx_word' id='word_1_52' title='bbox 653 837 746 895; x_wconf 90' lang='lat' dir='ltr'>multo</span> <span class='ocrx_word' id='word_1_53' title='bbox 767 845 899 913; x_wconf 89' lang='lat' dir='ltr'>tempore</span> <span class='ocrx_word' id='word_1_54' title='bbox 919 834 1036 895; x_wconf 80' lang='lat' dir='ltr'>habitus</span> <span class='ocrx_word' id='word_1_55' title='bbox 1058 848 1110 896; x_wconf 86' lang='lat' dir='ltr'>est</span> 
     </span>
     <span class='ocr_line' id='line_1_8' title="bbox 123 929 1113 1009; baseline 0.003 -21"><span class='ocrx_word' id='word_1_56' title='bbox 123 929 298 990; x_wconf 83' lang='lat' dir='ltr'>Hadrianus</span> <span class='ocrx_word' id='word_1_57' title='bbox 319 930 444 1007; x_wconf 86' lang='lat' dir='ltr'>perrexit</span> <span class='ocrx_word' id='word_1_58' title='bbox 465 931 591 1009; x_wconf 88' lang='lat' dir='ltr'>primum</span> <span class='ocrx_word' id='word_1_59' title='bbox 609 933 650 992; x_wconf 87' lang='lat' dir='ltr'>ad</span> <span class='ocrx_word' id='word_1_60' title='bbox 667 933 773 990; x_wconf 89' lang='lat' dir='ltr'>Emme</span> <span class='ocrx_word' id='word_1_61' title='bbox 791 932 942 990; x_wconf 87' lang='lat' dir='ltr'>Senonum</span> <span class='ocrx_word' id='word_1_62' title='bbox 960 940 990 990; x_wconf 92' lang='lat' dir='ltr'>et</span> <span class='ocrx_word' id='word_1_63' title='bbox 1010 943 1113 1008; x_wconf 90' lang='lat' dir='ltr'>postea</span> 
     </span>
     <span class='ocr_line' id='line_1_9' title="bbox 17 1028 1113 1109; baseline 0 -19"><span class='ocrx_word' id='word_1_64' title='bbox 17 1048 18 1109; x_wconf 63' lang='lat' dir='ltr'>l</span> <span class='ocrx_word' id='word_1_65' title='bbox 121 1032 165 1092; x_wconf 90' lang='lat' dir='ltr'>ad</span> <span class='ocrx_word' id='word_1_66' title='bbox 188 1033 334 1091; x_wconf 81' lang='lat' dir='ltr'>Faronem</span> <span class='ocrx_word' id='word_1_67' title='bbox 353 1033 523 1092; x_wconf 90' lang='lat' dir='ltr'>Meldorum</span> <span class='ocrx_word' id='word_1_68' title='bbox 544 1031 707 1108; x_wconf 89' lang='lat' dir='ltr'>episcopos,</span> <span class='ocrx_word' id='word_1_69' title='bbox 726 1041 756 1091; x_wconf 92' lang='lat' dir='ltr'>et</span> <span class='ocrx_word' id='word_1_70' title='bbox 774 1032 852 1091; x_wconf 89' lang='lat' dir='ltr'>bene</span> <span class='ocrx_word' id='word_1_71' title='bbox 870 1031 924 1089; x_wconf 88' lang='lat' dir='ltr'>sub</span> <span class='ocrx_word' id='word_1_72' title='bbox 942 1028 985 1090; x_wconf 92' lang='lat' dir='ltr'>eis</span> <span class='ocrx_word' id='word_1_73' title='bbox 1005 1029 1113 1090; x_wconf 89' lang='lat' dir='ltr'>diutius</span> 
     </span>
     <span class='ocr_line' id='line_1_10' title="bbox 121 1125 1113 1205; baseline 0 -19"><span class='ocrx_word' id='word_1_74' title='bbox 121 1126 198 1186; x_wconf 88' lang='lat' dir='ltr'>fnit:</span> <span class='ocrx_word' id='word_1_75' title='bbox 232 1138 367 1205; x_wconf 86' lang='lat' dir='ltr'>coegerat</span> <span class='ocrx_word' id='word_1_76' title='bbox 392 1128 472 1189; x_wconf 89' lang='lat' dir='ltr'>enim</span> <span class='ocrx_word' id='word_1_77' title='bbox 499 1147 550 1188; x_wconf 92' lang='lat' dir='ltr'>eos</span> <span class='ocrx_word' id='word_1_78' title='bbox 576 1127 722 1187; x_wconf 90' lang='lat' dir='ltr'>inminens</span> <span class='ocrx_word' id='word_1_79' title='bbox 755 1126 849 1186; x_wconf 90' lang='lat' dir='ltr'>hiems</span> <span class='ocrx_word' id='word_1_80' title='bbox 876 1137 908 1187; x_wconf 91' lang='lat' dir='ltr'>ut</span> <span class='ocrx_word' id='word_1_81' title='bbox 934 1125 1113 1202; x_wconf 90' lang='lat' dir='ltr'>ubicumque</span> 
     </span>
     <span class='ocr_line' id='line_1_11' title="bbox 74 1220 1113 1300; baseline -0.003 -18"><span class='ocrx_word' id='word_1_82' title='bbox 74 1245 108 1282; x_wconf 88' lang='lat'>10</span> <span class='ocrx_word' id='word_1_83' title='bbox 121 1221 287 1300; x_wconf 91' lang='lat' dir='ltr'>potuissent</span> <span class='ocrx_word' id='word_1_84' title='bbox 309 1223 400 1300; x_wconf 90' lang='lat' dir='ltr'>quieti</span> <span class='ocrx_word' id='word_1_85' title='bbox 426 1235 585 1284; x_wconf 88' lang='lat' dir='ltr'>manerent</span> <span class='ocrx_word' id='word_1_86' title='bbox 627 1224 710 1300; x_wconf 94' lang='lat' dir='ltr'>quod</span> <span class='ocrx_word' id='word_1_87' title='bbox 736 1242 804 1282; x_wconf 92' lang='lat' dir='ltr'>cum</span> <span class='ocrx_word' id='word_1_88' title='bbox 831 1221 927 1282; x_wconf 89' lang='lat' dir='ltr'>nuntii</span> <span class='ocrx_word' id='word_1_89' title='bbox 953 1220 1024 1280; x_wconf 89' lang='lat' dir='ltr'>certi</span> <span class='ocrx_word' id='word_1_90' title='bbox 1050 1241 1113 1280; x_wconf 89' lang='lat' dir='ltr'>nar·</span> 
     </span>
     <span class='ocr_line' id='line_1_12' title="bbox 121 1318 1112 1398; baseline 0.002 -18"><span class='ocrx_word' id='word_1_91' title='bbox 121 1331 236 1381; x_wconf 86' lang='lat' dir='ltr'>rassent</span> <span class='ocrx_word' id='word_1_92' title='bbox 256 1321 316 1398; x_wconf 87' lang='lat' dir='ltr'>regi</span> <span class='ocrx_word' id='word_1_93' title='bbox 338 1321 509 1398; x_wconf 89' lang='lat' dir='ltr'>Ecgbercto,</span> <span class='ocrx_word' id='word_1_94' title='bbox 533 1341 597 1382; x_wconf 87' lang='lat' dir='ltr'>esse</span> <span class='ocrx_word' id='word_1_95' title='bbox 620 1321 731 1381; x_wconf 91' lang='lat' dir='ltr'>scilicet</span> <span class='ocrx_word' id='word_1_96' title='bbox 754 1318 925 1396; x_wconf 86' lang='lat' dir='ltr'>episcopum</span> <span class='ocrx_word' id='word_1_97' title='bbox 952 1339 1041 1396; x_wconf 88' lang='lat' dir='ltr'>quem</span> <span class='ocrx_word' id='word_1_98' title='bbox 1062 1341 1112 1398; x_wconf 90' lang='lat' dir='ltr'>pe·</span> 
     </span>
     <span class='ocr_line' id='line_1_13' title="bbox 120 1416 1112 1494; baseline 0.002 -18"><span class='ocrx_word' id='word_1_99' title='bbox 120 1416 230 1476; x_wconf 88' lang='lat' dir='ltr'>tierant</span> <span class='ocrx_word' id='word_1_100' title='bbox 248 1437 268 1476; x_wconf 93' lang='lat' dir='ltr'>a</span> <span class='ocrx_word' id='word_1_101' title='bbox 285 1421 424 1478; x_wconf 89' lang='lat' dir='ltr'>Romano</span> <span class='ocrx_word' id='word_1_102' title='bbox 443 1417 572 1478; x_wconf 84' lang='lat' dir='ltr'>antistite</span> <span class='ocrx_word' id='word_1_103' title='bbox 592 1416 624 1476; x_wconf 91' lang='lat' dir='ltr'>in</span> <span class='ocrx_word' id='word_1_104' title='bbox 644 1435 736 1494; x_wconf 85' lang='lat' dir='ltr'>regno</span> <span class='ocrx_word' id='word_1_105' title='bbox 757 1419 943 1490; x_wconf 87' lang='lat' dir='ltr'>Francorum,</span> <span class='ocrx_word' id='word_1_106' title='bbox 962 1416 1041 1477; x_wconf 88' lang='lat' dir='ltr'>misit</span> <span class='ocrx_word' id='word_1_107' title='bbox 1060 1417 1112 1478; x_wconf 94' lang='lat' dir='ltr'>illo</span> 
     </span>
     <span class='ocr_line' id='line_1_14' title="bbox 120 1510 1111 1588; baseline 0 -18"><span class='ocrx_word' id='word_1_108' title='bbox 120 1510 266 1571; x_wconf 92' lang='lat' dir='ltr'>continuo</span> <span class='ocrx_word' id='word_1_109' title='bbox 293 1511 485 1572; x_wconf 85' lang='lat' dir='ltr'>Raedfridum</span> <span class='ocrx_word' id='word_1_110' title='bbox 518 1513 696 1588; x_wconf 84' lang='lat' dir='ltr'>praefectum</span> <span class='ocrx_word' id='word_1_111' title='bbox 723 1530 809 1571; x_wconf 88' lang='lat' dir='ltr'>suum</span> <span class='ocrx_word' id='word_1_112' title='bbox 835 1511 873 1570; x_wconf 90' lang='lat' dir='ltr'>ad</span> <span class='ocrx_word' id='word_1_113' title='bbox 903 1511 1111 1571; x_wconf 83' lang='lat' dir='ltr'>adducendum</span> 
     </span>
     <span class='ocr_line' id='line_1_15' title="bbox 119 1605 1112 1683; baseline 0.001 -18"><span class='ocrx_word' id='word_1_114' title='bbox 119 1627 211 1666; x_wconf 89' lang='lat' dir='ltr'>eum:</span> <span class='ocrx_word' id='word_1_115' title='bbox 231 1625 291 1683; x_wconf 91' lang='lat' dir='ltr'>quo</span> <span class='ocrx_word' id='word_1_116' title='bbox 309 1627 378 1666; x_wconf 93' lang='lat' dir='ltr'>cum</span> <span class='ocrx_word' id='word_1_117' title='bbox 395 1605 532 1679; x_wconf 89' lang='lat' dir='ltr'>uenisset,</span> <span class='ocrx_word' id='word_1_118' title='bbox 550 1605 693 1666; x_wconf 86' lang='lat' dir='ltr'>adsumsit</span> <span class='ocrx_word' id='word_1_119' title='bbox 710 1607 900 1666; x_wconf 91' lang='lat' dir='ltr'>Theodorum</span> <span class='ocrx_word' id='word_1_120' title='bbox 920 1625 988 1665; x_wconf 90' lang='lat' dir='ltr'>cum</span> <span class='ocrx_word' id='word_1_121' title='bbox 1009 1605 1112 1666; x_wconf 88' lang='lat' dir='ltr'>Ebrini</span> 
     </span>
     <span class='ocr_line' id='line_1_16' title="bbox 73 1699 1112 1778; baseline 0.001 -19"><span class='ocrx_word' id='word_1_122' title='bbox 73 1722 104 1778; x_wconf 87' lang='lat'>15</span> <span class='ocrx_word' id='word_1_123' title='bbox 119 1700 249 1772; x_wconf 72' lang='lat' dir='ltr'>licentia</span> <span class='ocrx_word' id='word_1_124' title='bbox 269 1711 299 1761; x_wconf 93' lang='lat' dir='ltr'>et</span> <span class='ocrx_word' id='word_1_125' title='bbox 319 1702 452 1778; x_wconf 87' lang='lat' dir='ltr'>perduxit</span> <span class='ocrx_word' id='word_1_126' title='bbox 472 1721 540 1762; x_wconf 92' lang='lat' dir='ltr'>eum</span> <span class='ocrx_word' id='word_1_127' title='bbox 561 1701 600 1760; x_wconf 90' lang='lat' dir='ltr'>ad</span> <span class='ocrx_word' id='word_1_128' title='bbox 621 1711 738 1777; x_wconf 88' lang='lat' dir='ltr'>portum</span> <span class='ocrx_word' id='word_1_129' title='bbox 757 1699 805 1760; x_wconf 91' lang='lat' dir='ltr'>cui</span> <span class='ocrx_word' id='word_1_130' title='bbox 826 1720 934 1760; x_wconf 90' lang='lat' dir='ltr'>nomen</span> <span class='ocrx_word' id='word_1_131' title='bbox 953 1711 996 1760; x_wconf 92' lang='lat' dir='ltr'>est</span> <span class='ocrx_word' id='word_1_132' title='bbox 1014 1701 1112 1775; x_wconf 90' lang='lat' dir='ltr'>Quen·</span> 
     </span>
     <span class='ocr_line' id='line_1_17' title="bbox 119 1796 1110 1875; baseline 0.002 -19"><span class='ocrx_word' id='word_1_133' title='bbox 119 1797 210 1869; x_wconf 91' lang='lat' dir='ltr'>tauic‚</span> <span class='ocrx_word' id='word_1_134' title='bbox 229 1797 271 1857; x_wconf 91' lang='lat' dir='ltr'>ibi</span> <span class='ocrx_word' id='word_1_135' title='bbox 287 1798 421 1875; x_wconf 84' lang='lat' dir='ltr'>fatigatus</span> <span class='ocrx_word' id='word_1_136' title='bbox 443 1796 608 1857; x_wconf 88' lang='lat' dir='ltr'>infirmitate</span> <span class='ocrx_word' id='word_1_137' title='bbox 631 1797 840 1874; x_wconf 85' lang='lat' dir='ltr'>aliquantisper</span> <span class='ocrx_word' id='word_1_138' title='bbox 862 1808 990 1858; x_wconf 87' lang='lat' dir='ltr'>moratus</span> <span class='ocrx_word' id='word_1_139' title='bbox 1009 1809 1110 1871; x_wconf 90' lang='lat' dir='ltr'>estet,</span> 
     </span>
     <span class='ocr_line' id='line_1_18' title="bbox 118 1892 1111 1972; baseline 0.001 -20"><span class='ocrx_word' id='word_1_140' title='bbox 118 1913 192 1953; x_wconf 91' lang='lat' dir='ltr'>cum</span> <span class='ocrx_word' id='word_1_141' title='bbox 212 1895 417 1953; x_wconf 86' lang='lat' dir='ltr'>conualescere</span> <span class='ocrx_word' id='word_1_142' title='bbox 438 1892 589 1970; x_wconf 90' lang='lat' dir='ltr'>coepisset,</span> <span class='ocrx_word' id='word_1_143' title='bbox 612 1892 759 1970; x_wconf 86' lang='lat' dir='ltr'>nauigauit</span> <span class='ocrx_word' id='word_1_144' title='bbox 781 1892 960 1952; x_wconf 84' lang='lat' dir='ltr'>Brittaniam</span> <span class='ocrx_word' id='word_1_145' title='bbox 993 1893 1111 1972; x_wconf 60' lang='lat' dir='ltr'>vHadri-</span> 
     </span>
     <span class='ocr_line' id='line_1_19' title="bbox 118 1988 1110 2065; baseline 0.002 -17"><span class='ocrx_word' id='word_1_146' title='bbox 118 2009 213 2048; x_wconf 89' lang='lat' dir='ltr'>anum</span> <span class='ocrx_word' id='word_1_147' title='bbox 235 2001 335 2049; x_wconf 88' lang='lat' dir='ltr'>autem</span> <span class='ocrx_word' id='word_1_148' title='bbox 358 1988 485 2049; x_wconf 90' lang='lat' dir='ltr'>Ebrinus</span> <span class='ocrx_word' id='word_1_149' title='bbox 505 1988 632 2062; x_wconf 87' lang='lat' dir='ltr'>retinuit,</span> <span class='ocrx_word' id='word_1_150' title='bbox 654 1988 794 2065; x_wconf 88' lang='lat' dir='ltr'>quoniam</span> <span class='ocrx_word' id='word_1_151' title='bbox 817 1989 1018 2065; x_wconf 88' lang='lat' dir='ltr'>suspicabatur</span> <span class='ocrx_word' id='word_1_152' title='bbox 1040 2009 1110 2050; x_wconf 89' lang='lat' dir='ltr'>eum</span> 
     </span>
     <span class='ocr_line' id='line_1_20' title="bbox 117 2084 1110 2166; baseline 0.005 -22"><span class='ocrx_word' id='word_1_153' title='bbox 117 2087 230 2146; x_wconf 87' lang='lat' dir='ltr'>habere</span> <span class='ocrx_word' id='word_1_154' title='bbox 248 2086 376 2162; x_wconf 89' lang='lat' dir='ltr'>aliquam</span> <span class='ocrx_word' id='word_1_155' title='bbox 394 2084 569 2162; x_wconf 84' lang='lat' dir='ltr'>legationem</span> <span class='ocrx_word' id='word_1_156' title='bbox 591 2085 772 2161; x_wconf 84' lang='lat' dir='ltr'>imperatoris</span> <span class='ocrx_word' id='word_1_157' title='bbox 790 2087 829 2146; x_wconf 87' lang='lat' dir='ltr'>ad</span> <span class='ocrx_word' id='word_1_158' title='bbox 849 2086 1006 2146; x_wconf 88' lang='lat' dir='ltr'>Brittaniae</span> <span class='ocrx_word' id='word_1_159' title='bbox 1027 2107 1110 2166; x_wconf 85' lang='lat' dir='ltr'>reges</span> 
     </span>
     <span class='ocr_line' id='line_1_21' title="bbox 17 2180 1108 2259; baseline 0.004 -20"><span class='ocrx_word' id='word_1_160' title='bbox 17 2210 18 2239; x_wconf 64' lang='lat'>1</span> <span class='ocrx_word' id='word_1_161' title='bbox 71 2199 105 2237; x_wconf 83' lang='lat' dir='ltr'>ao</span> <span class='ocrx_word' id='word_1_162' title='bbox 117 2182 261 2241; x_wconf 88' lang='lat' dir='ltr'>aduersus</span> <span class='ocrx_word' id='word_1_163' title='bbox 274 2201 402 2259; x_wconf 87' lang='lat' dir='ltr'>regnum,</span> <span class='ocrx_word' id='word_1_164' title='bbox 420 2180 503 2240; x_wconf 92' lang='lat' dir='ltr'>cuius</span> <span class='ocrx_word' id='word_1_165' title='bbox 520 2191 591 2241; x_wconf 87' lang='lat' dir='ltr'>tunc</span> <span class='ocrx_word' id='word_1_166' title='bbox 609 2180 672 2257; x_wconf 90' lang='lat' dir='ltr'>ipse</span> <span class='ocrx_word' id='word_1_167' title='bbox 690 2180 847 2240; x_wconf 88' lang='lat' dir='ltr'>maximam</span> <span class='ocrx_word' id='word_1_168' title='bbox 865 2201 964 2241; x_wconf 85' lang='lat' dir='ltr'>curam</span> <span class='ocrx_word' id='word_1_169' title='bbox 982 2185 1108 2259; x_wconf 84' lang='lat' dir='ltr'>gerebat.</span> 
     </span>
     <span class='ocr_line' id='line_1_22' title="bbox 117 2274 1109 2336; baseline 0.001 -1"><span class='ocrx_word' id='word_1_170' title='bbox 117 2276 175 2335; x_wconf 90' lang='lat' dir='ltr'>sed</span> <span class='ocrx_word' id='word_1_171' title='bbox 188 2295 258 2335; x_wconf 93' lang='lat' dir='ltr'>cum</span> <span class='ocrx_word' id='word_1_172' title='bbox 273 2277 346 2335; x_wconf 90' lang='lat' dir='ltr'>nihil</span> <span class='ocrx_word' id='word_1_173' title='bbox 363 2279 422 2336; x_wconf 92' lang='lat' dir='ltr'>tale</span> <span class='ocrx_word' id='word_1_174' title='bbox 438 2275 520 2335; x_wconf 92' lang='lat' dir='ltr'>illum</span> <span class='ocrx_word' id='word_1_175' title='bbox 538 2277 645 2336; x_wconf 89' lang='lat' dir='ltr'>habere</span> <span class='ocrx_word' id='word_1_176' title='bbox 661 2276 709 2335; x_wconf 89' lang='lat' dir='ltr'>uel</span> <span class='ocrx_word' id='word_1_177' title='bbox 725 2274 861 2336; x_wconf 88' lang='lat' dir='ltr'>habuisse</span> <span class='ocrx_word' id='word_1_178' title='bbox 877 2275 1019 2335; x_wconf 87' lang='lat' dir='ltr'>ueraciter</span> <span class='ocrx_word' id='word_1_179' title='bbox 1031 2296 1109 2336; x_wconf 92' lang='lat' dir='ltr'>com-</span> 
     </span>
     <span class='ocr_line' id='line_1_23' title="bbox 116 2369 1108 2450; baseline 0.001 -19"><span class='ocrx_word' id='word_1_180' title='bbox 116 2369 250 2448; x_wconf 90' lang='lat' dir='ltr'>perisset,</span> <span class='ocrx_word' id='word_1_181' title='bbox 265 2372 389 2432; x_wconf 88' lang='lat' dir='ltr'>absoluit</span> <span class='ocrx_word' id='word_1_182' title='bbox 406 2392 474 2432; x_wconf 89' lang='lat' dir='ltr'>eum</span> <span class='ocrx_word' id='word_1_183' title='bbox 492 2382 521 2431; x_wconf 90' lang='lat' dir='ltr'>et</span> <span class='ocrx_word' id='word_1_184' title='bbox 537 2382 605 2448; x_wconf 91' lang='lat' dir='ltr'>post</span> <span class='ocrx_word' id='word_1_185' title='bbox 618 2373 809 2432; x_wconf 90' lang='lat' dir='ltr'>Theodorum</span> <span class='ocrx_word' id='word_1_186' title='bbox 822 2371 863 2431; x_wconf 91' lang='lat' dir='ltr'>ire</span> <span class='ocrx_word' id='word_1_187' title='bbox 876 2371 1014 2448; x_wconf 89' lang='lat' dir='ltr'>permisit.</span> <span class='ocrx_word' id='word_1_188' title='bbox 1056 2372 1108 2450; x_wconf 91' lang='lat' dir='ltr'>qui</span> 
     </span>
     <span class='ocr_line' id='line_1_24' title="bbox 116 2466 1108 2540; baseline 0.001 -12"><span class='ocrx_word' id='word_1_189' title='bbox 116 2467 219 2528; x_wconf 88' lang='lat' dir='ltr'>statim</span> <span class='ocrx_word' id='word_1_190' title='bbox 241 2479 274 2527; x_wconf 89' lang='lat' dir='ltr'>ut</span> <span class='ocrx_word' id='word_1_191' title='bbox 295 2469 334 2528; x_wconf 90' lang='lat' dir='ltr'>ad</span> <span class='ocrx_word' id='word_1_192' title='bbox 360 2467 442 2527; x_wconf 90' lang='lat' dir='ltr'>illurn</span> <span class='ocrx_word' id='word_1_193' title='bbox 469 2466 558 2540; x_wconf 90' lang='lat' dir='ltr'>uenit,</span> <span class='ocrx_word' id='word_1_194' title='bbox 587 2467 669 2527; x_wconf 87' lang='lat' dir='ltr'>dedit</span> <span class='ocrx_word' id='word_1_195' title='bbox 693 2467 901 2527; x_wconf 89' lang='lat' dir='ltr'>monasterium</span> <span class='ocrx_word' id='word_1_196' title='bbox 927 2467 1006 2528; x_wconf 88' lang='lat' dir='ltr'>beati</span> <span class='ocrx_word' id='word_1_197' title='bbox 1029 2469 1108 2529; x_wconf 87' lang='lat' dir='ltr'>Petri</span> 
     </span>
     <span class='ocr_line' id='line_1_25' title="bbox 115 2549 1107 2642; baseline 0 -18"><span class='ocrx_word' id='word_1_198' title='bbox 115 2564 252 2642; x_wconf 86' lang='lat' dir='ltr'>apostoli,</span> <span class='ocrx_word' id='word_1_199' title='bbox 267 2565 319 2624; x_wconf 92' lang='lat' dir='ltr'>ubi</span> <span class='ocrx_word' id='word_1_200' title='bbox 332 2549 543 2640; x_wconf 87' lang='lat' dir='ltr'>archiepiscopi</span> <span class='ocrx_word' id='word_1_201' title='bbox 557 2563 679 2624; x_wconf 87' lang='lat' dir='ltr'>Cantiae</span> <span class='ocrx_word' id='word_1_202' title='bbox 693 2563 815 2639; x_wconf 89' lang='lat' dir='ltr'>sepeliri,</span> <span class='ocrx_word' id='word_1_203' title='bbox 830 2575 862 2624; x_wconf 92' lang='lat' dir='ltr'>ut</span> <span class='ocrx_word' id='word_1_204' title='bbox 875 2565 1019 2640; x_wconf 84' lang='lat' dir='ltr'>praefatus</span> <span class='ocrx_word' id='word_1_205' title='bbox 1032 2575 1107 2638; x_wconf 78' lang='lat' dir='ltr'>sinn,</span> 
     </span>
     <span class='ocr_line' id='line_1_26' title="bbox 68 2659 1108 2740; baseline 0.001 -19"><span class='ocrx_word' id='word_1_206' title='bbox 68 2684 82 2721; x_wconf 89' lang='lat'>2</span> <span class='ocrx_word' id='word_1_207' title='bbox 86 2682 101 2740; x_wconf 81' lang='lat'>5</span> <span class='ocrx_word' id='word_1_208' title='bbox 116 2663 224 2722; x_wconf 90' lang='lat' dir='ltr'>solent.</span> <span class='ocrx_word' id='word_1_209' title='bbox 264 2671 451 2737; x_wconf 85' lang='lat' dir='ltr'>praeceperat</span> <span class='ocrx_word' id='word_1_210' title='bbox 468 2659 547 2720; x_wconf 90' lang='lat' dir='ltr'>enim</span> <span class='ocrx_word' id='word_1_211' title='bbox 564 2661 725 2720; x_wconf 87' lang='lat' dir='ltr'>Theodoro</span> <span class='ocrx_word' id='word_1_212' title='bbox 740 2661 860 2720; x_wconf 86' lang='lat' dir='ltr'>abeunti</span> <span class='ocrx_word' id='word_1_213' title='bbox 877 2662 1003 2720; x_wconf 90' lang='lat' dir='ltr'>domnus</span> <span class='ocrx_word' id='word_1_214' title='bbox 1025 2681 1108 2738; x_wconf 75' lang='lat' dir='ltr'>apos</span> 
     </span>
     <span class='ocr_line' id='line_1_27' title="bbox 116 2755 1107 2832; baseline -0.001 -13"><span class='ocrx_word' id='word_1_215' title='bbox 116 2757 233 2829; x_wconf 89' lang='lat' dir='ltr'>tolicus‚</span> <span class='ocrx_word' id='word_1_216' title='bbox 255 2767 288 2816; x_wconf 92' lang='lat' dir='ltr'>ut</span> <span class='ocrx_word' id='word_1_217' title='bbox 311 2756 341 2815; x_wconf 93' lang='lat' dir='ltr'>in</span> <span class='ocrx_word' id='word_1_218' title='bbox 363 2755 475 2817; x_wconf 91' lang='lat' dir='ltr'>diocesi</span> <span class='ocrx_word' id='word_1_219' title='bbox 496 2776 549 2815; x_wconf 91' lang='lat' dir='ltr'>sua</span> <span class='ocrx_word' id='word_1_220' title='bbox 568 2755 735 2832; x_wconf 90' lang='lat' dir='ltr'>prouideret</span> <span class='ocrx_word' id='word_1_221' title='bbox 757 2766 787 2816; x_wconf 90' lang='lat' dir='ltr'>et</span> <span class='ocrx_word' id='word_1_222' title='bbox 808 2757 890 2817; x_wconf 86' lang='lat' dir='ltr'>daret</span> <span class='ocrx_word' id='word_1_223' title='bbox 910 2756 938 2817; x_wconf 92' lang='lat' dir='ltr'>ei</span> <span class='ocrx_word' id='word_1_224' title='bbox 958 2758 1056 2818; x_wconf 93' lang='lat' dir='ltr'>locum</span> <span class='ocrx_word' id='word_1_225' title='bbox 1075 2759 1107 2819; x_wconf 91' lang='lat' dir='ltr'>in</span> 
     </span>
     <span class='ocr_line' id='line_1_28' title="bbox 116 2851 697 2930; baseline 0 -18"><span class='ocrx_word' id='word_1_226' title='bbox 116 2872 180 2930; x_wconf 93' lang='lat' dir='ltr'>quo</span> <span class='ocrx_word' id='word_1_227' title='bbox 194 2871 263 2912; x_wconf 88' lang='lat' dir='ltr'>cum</span> <span class='ocrx_word' id='word_1_228' title='bbox 275 2853 335 2912; x_wconf 92' lang='lat' dir='ltr'>suis</span> <span class='ocrx_word' id='word_1_229' title='bbox 348 2863 415 2929; x_wconf 90' lang='lat' dir='ltr'>apte</span> <span class='ocrx_word' id='word_1_230' title='bbox 429 2853 535 2930; x_wconf 88' lang='lat' dir='ltr'>degere</span> <span class='ocrx_word' id='word_1_231' title='bbox 547 2851 697 2928; x_wconf 84' lang='lat' dir='ltr'>potuisset</span> 
     </span>
    </p>
   </div>
   <div class='ocr_carea' id='block_1_3' title="bbox 215 3020 1007 3170">
    <p class='ocr_par' dir='ltr' id='par_1_3' title="bbox 215 3020 1007 3170">
     <span class='ocr_line' id='line_1_29' title="bbox 215 3020 1007 3088; baseline 0.004 -17"><span class='ocrx_word' id='word_1_232' title='bbox 215 3020 398 3071; x_wconf 70' lang='lat' dir='ltr'>&#39;Punicorum</span> <span class='ocrx_word' id='word_1_233' title='bbox 409 3038 439 3088; x_wconf 90' lang='lat' dir='ltr'>pr</span> <span class='ocrx_word' id='word_1_234' title='bbox 449 3038 515 3072; x_wconf 88' lang='lat' dir='ltr'>man.</span> <span class='ocrx_word' id='word_1_235' title='bbox 529 3022 587 3071; x_wconf 60' lang='lat' dir='ltr'>dor·</span> <span class='ocrx_word' id='word_1_236' title='bbox 598 3038 645 3072; x_wconf 89' lang='lat' dir='ltr'>sec.</span> <span class='ocrx_word' id='word_1_237' title='bbox 834 3020 1007 3088; x_wconf 80' lang='lat' dir='ltr'>⁹cogerntms</span> 
     </span>
     <span class='ocr_line' id='line_1_30' title="bbox 413 3100 810 3170; baseline -0.003 -19"><span class='ocrx_word' id='word_1_238' title='bbox 413 3100 434 3134; x_wconf 82' lang='lat'>¹¹</span> <span class='ocrx_word' id='word_1_239' title='bbox 444 3104 569 3169; x_wconf 54' lang='lat' dir='ltr'>petierunt</span> <span class='ocrx_word' id='word_1_240' title='bbox 577 3119 609 3170; x_wconf 86' lang='lat' dir='ltr'>pr</span> <span class='ocrx_word' id='word_1_241' title='bbox 617 3119 684 3152; x_wconf 86' lang='lat' dir='ltr'>man.</span> <span class='ocrx_word' id='word_1_242' title='bbox 696 3109 753 3154; x_wconf 74' lang='lat' dir='ltr'>-ant</span> <span class='ocrx_word' id='word_1_243' title='bbox 762 3118 810 3154; x_wconf 87' lang='lat' dir='ltr'>sec.</span> 
     </span>
    </p>
   </div>
   <div class='ocr_carea' id='block_1_4' title="bbox 0 0 1300 3834">
    <p class='ocr_par' dir='ltr' id='par_1_4' title="bbox 0 0 1300 3834">
     <span class='ocr_line' id='line_1_31' title="bbox 0 0 1300 3834; baseline 0 3"><span class='ocrx_word' id='word_1_244' title='bbox 0 0 1300 3834; x_wconf 95' lang='lat' dir='ltr'> </span> 
     </span>
    </p>
   </div>
  </div>
 </body>
</html>
