2592 3834
126 244 176 328 η]
284 266 425 316 11110111
443 269 580 317 1131101
601 269 649 318 OF
671 269 772 318 Wasr
791 269 942 318 carons.
1051 273 1106 329 113

123 392 286 450 tumulandi
299 393 468 469 cogitabant
482 404 533 453 aut
546 395 626 453 aliud
644 414 782 470 quaerere
801 397 930 454 loculum
948 405 998 454 aut
1013 393 1107 471 ipsum

123 506 237 563 corpus,
258 488 284 546 si
303 500 432 564 possent,
453 489 484 548 in
503 490 626 564 genibus
646 489 826 549 inflectendo
847 490 989 562 breuiare,
1012 491 1109 549 donec

123 583 196 659 ipso'
212 586 309 644 loculo
336 597 493 661 caperetur.
536 587 588 647 sed
613 587 687 645 mira
709 606 755 648 res
777 599 806 648 et
828 607 889 648 non
907 588 964 647 nisi
987 588 1108 648 caelitus

122 680 207 753 sacta,
222 700 259 740 ne
274 681 386 756 aliquid
399 683 503 742 horum
516 683 578 741 fieri
591 683 721 756 deberet,
736 685 893 760 prohibuit.
927 704 996 743 nam
1012 685 1108 744 subito

90 776 257 854 5adstante
278 779 419 853 episcopo
441 789 470 838 et
493 780 553 838 lilio
575 779 650 856 regis
677 781 807 840 eiusdem
830 801 866 839 ac
889 779 1025 840 monachi
1049 780 1109 855 Sig-

123 873 224 942 hardo,
240 873 291 948 qui
306 885 373 948 post
386 875 467 933 illurn
482 894 549 934 curn
568 878 655 936 fratre
669 879 811 937 Suefredo
824 877 965 952 regnauit,
980 888 1009 935 et
1024 879 1109 936 turba

123 969 277 1028 hominum
294 991 356 1030 non
378 971 504 1045 modica,
523 973 677 1032 inuentum
696 985 740 1032 est
761 975 941 1048 sarcofagum
955 973 1027 1031 illud
1041 993 1109 1032 con·

123 1085 212 1142 gruae
233 1069 423 1143 longitudinis
443 1071 482 1128 ad
502 1090 668 1130 mensuram
688 1072 827 1147 corporis,
842 1073 918 1131 adeo
939 1083 972 1132 ut
990 1091 1007 1130 a
1027 1083 1108 1148 parte

124 1161 228 1237 capitis
242 1163 330 1222 etiarn
344 1164 468 1223 ceruical
487 1177 587 1241 posset
605 1165 759 1242 interponi,
775 1185 793 1224 a
812 1177 895 1242 parte
911 1185 981 1225 uero
999 1168 1109 1242 pedum

73 1281 113 1319 10
124 1275 262 1315 mensura
273 1256 313 1315 iiii
327 1258 482 1333 digitorum
498 1260 529 1318 in
543 1262 693 1336 sarcofago
712 1279 818 1335 corpus
837 1260 999 1319 excederet.
1042 1280 1110 1319 con-

125 1353 204 1412 ditus
225 1365 269 1412 est
290 1366 389 1412 autem
411 1354 441 1413 in
464 1355 589 1415 ecclesia
607 1355 687 1415 beati
712 1356 838 1415 doctoris
865 1356 1005 1432 gentium,
1027 1356 1110 1416 cuius

126 1449 247 1508 edoctus
260 1449 380 1508 monitis
393 1451 530 1510 caelestia
543 1469 658 1527 sperare
673 1450 822 1510 didicerat

585 1706 649 1762 XII

195 1827 362 1900 VARTVS
383 1840 621 1901 Occidentalium
636 1841 785 1899 Saxonum
800 1836 920 1898 antistes
935 1835 1109 1896 Leutherius

73 1966 109 2024 15
214 1937 276 1995 fuit.
318 1936 463 2012 siquidem
483 1935 592 2010 primus
612 1935 734 2006 Birinu5‚
750 1935 895 1994 secundus
916 1934 1109 2009 Agilberctu3‚

124 2031 225 2090 tertius
244 2029 338 2091 extitit
358 2030 435 2088 Vini.
477 2049 603 2104 cumque
623 2041 756 2088 mortuus
775 2042 852 2088 esset
873 2029 1036 2089 Coinualch
1050 2045 1110 2102 quo

123 2137 263 2200 regnante
278 2127 359 2186 idem
375 2126 547 2185 Leutherius
568 2126 723 2202 episcopus
747 2129 839 2186 factus
859 2137 911 2198 est,
934 2135 1111 2200 acceperunt

125 2223 271 2298 subreguli
284 2242 406 2298 regnum
420 2222 514 2297 gentis
528 2234 558 2280 et
572 2222 699 2280 diuisum
719 2223 794 2282 inter
813 2243 844 2282 se
858 2234 1014 2283 tenuerunt
1028 2221 1111 2280 annis

125 2319 239 2380 circiter
257 2340 293 2379 x:
315 2319 446 2395 ipsisque
462 2320 650 2395 regnantibus
673 2321 830 2378 defunctus
853 2329 897 2378 est
919 2319 1018 2398 illeuet
1037 2317 1111 2392 epis·
1191 2299 1195 2312 ’

71 2445 111 2482 20
124 2427 232 2491 copatu
246 2417 362 2474 functus
379 2427 425 2474 est
442 2415 563 2474 Haeddi
581 2435 635 2492 pro
655 2435 700 2488 eo,
716 2427 901 2474 consecratus
916 2434 933 2472 a
947 2415 1110 2473 Theodoro

125 2511 157 2571 in
176 2511 294 2571 ciuitate
314 2511 477 2571 Lundonia.
520 2512 602 2570 cuius
624 2511 810 2588 episcopatus
832 2522 964 2586 tempore
987 2509 1111 2568 deuictis

125 2620 213 2682 atque
237 2606 342 2665 amotis
366 2607 528 2682 subregulis
551 2608 713 2667 Caedualla
737 2605 864 2680 suscepit
891 2603 1045 2679 imperium
1073 2616 1109 2676 et,

125 2721 197 2760 cum
221 2704 336 2761 duobus
363 2703 447 2760 annis
474 2705 532 2761 hoc
559 2701 709 2772 tenuisset,
738 2700 856 2758 tandem
884 2696 1001 2773 superni
1031 2697 1112 2772 regni

125 2814 226 2855 amore
239 2809 433 2874 compunctus
446 2797 562 2872 reliquit
576 2797 681 2854 eodem
696 2794 792 2852 adhuc
809 2795 942 2868 praesule
956 2791 1111 2850 ecclesiam

73 2916 110 2976 ²5
125 2893 327 2966 gubernante3
359 2913 395 2951 ac
421 2895 550 2951 Romam
576 2891 678 2950 abiens
704 2891 745 2950 ibi
771 2889 861 2948 uitam
888 2886 990 2959 finiuit,
1017 2896 1050 2944 ut
1081 2885 1112 2944 in

126 2988 316 3062 sequentibus
330 2988 417 3047 latius
431 2989 589 3047 dicendum
604 2999 658 3046 est.

186 3086 276 3142 Anno
302 3097 401 3143 autern
428 3084 592 3144 dominicae
616 3079 824 3140 incarnationis
848 3080 903 3138 dmo
924 3082 1024 3140 clxx¹¹¹⁰
1047 3075 1110 3148 ui²0,

125 3199 196 3239 cum
217 3181 357 3239 Aedilred
377 3199 428 3239 rex
455 3179 633 3239 Merciorum
660 3178 790 3236 adducto
823 3174 952 3250 maligno
986 3173 1112 3232 exercitu

126 3276 264 3336 Cantiam
288 3286 414 3335 uastaret
438 3286 467 3333 et
490 3274 628 3334 ecclesias
647 3293 684 3331 ac
704 3269 880 3330 monasteria
898 3268 961 3328 sine
977 3278 1112 3342 respectu

71 3398 113 3456 30
125 3371 244 3450 pietatis
256 3373 305 3431 uel
318 3370 410 3430 diuini
424 3369 535 3431 timoris
553 3371 693 3442 foedaret,
709 3367 858 3426 ciuitatem
876 3383 994 3441 quoque
1016 3365 1112 3436 Hrofi,

524 3481 546 3516 ⁸⁰
554 3484 651 3548 fedaret
661 3499 705 3532 ms.

207 3603 233 3645 n
1014 3578 1032 3634 8
