2592 3834
159 264 214 320 116
247 279 488 329 MIRACULOUS
501 283 600 330 RAIN
609 284 733 331 AFTER
748 284 849 332 LONG
863 283 1049 332 DROUGHT.
1080 263 1138 346 [IV

156 416 185 465 et
200 408 356 482 Burghelm
370 420 399 468 et
413 409 504 469 Oiddi
519 422 645 470 ceteram
662 413 779 488 plebem
800 413 848 470 uel
862 423 932 472 tunc
945 413 992 471 uel
1006 423 1141 488 tempore.

155 515 297 578 sequente
309 505 506 581 baptizabant
547 525 634 583 porro
653 508 753 584 regina
771 510 889 568 nornine
910 511 1011 568 Eabae
1027 509 1060 566 in
1076 529 1137 580 sua,
1191 545 1197 558 ·

154 597 184 655 id
200 610 244 657 est
259 601 460 671 Huicciorum,
477 604 629 678 prouincia
652 607 744 664 suerat
761 605 914 680 baptizata.
957 617 1019 665 erat
1039 617 1137 665 autem

154 692 214 751 filia
242 696 371 754 Eanfridi
398 698 491 757 fratris
517 699 649 771 AEnheri‚
678 700 728 775 qui
756 703 843 759 ambo
866 720 933 758 cum
953 721 1007 760 suo
1026 703 1137 777 populo

155 788 311 848 Christiani
332 793 418 851 fuere.
469 805 597 853 ceterum
619 807 681 854 tota
701 795 852 871 prouincia
870 797 1047 854 Australium
1071 798 1136 856 sax-
1171 813 1186 872 5

154 902 245 944 onum
259 887 351 944 diuini
366 889 491 948 nominis
506 901 535 949 et
548 891 616 950 fidei
630 903 691 950 erat
705 891 811 967 ignara.

214 984 283 1040 Erat
297 995 394 1041 autem
408 985 449 1042 ibi
467 989 628 1045 monachus
646 989 765 1062 quidam
783 987 820 1047 de
839 987 957 1048 natione
972 991 1138 1048 Scottorum

153 1079 299 1137 uocabulo
327 1081 423 1152 Dieul‚
459 1082 570 1141 habens
603 1083 840 1142 monasteriolum
874 1085 1073 1160 permodicum
1106 1084 1138 1144 in

154 1176 220 1232 loco
241 1174 291 1250 qui
312 1189 433 1235 uocatur
454 1180 651 1237 Bosanhamm
673 1180 752 1239 siluis
773 1191 802 1239 et
823 1181 894 1239 mari
916 1182 1138 1253 circumdatum,

154 1283 184 1328 et
197 1270 227 1328 in
242 1291 278 1331 eo
296 1275 396 1332 fratres
409 1295 429 1332 u
444 1275 506 1334 siue
525 1275 554 1333 ui
574 1276 604 1333 in
625 1277 727 1334 humili
745 1287 774 1335 et
788 1296 915 1353 paupere
935 1279 996 1335 uita
1015 1275 1138 1337 domino
1154 1305 1188 1343 10

153 1369 333 1428 famulantes
386 1373 439 1430 sed
466 1372 686 1447 prouincialium
714 1372 811 1430 nullus
839 1391 939 1431 eorum
972 1373 1020 1431 uel
1046 1373 1138 1432 uitam

154 1466 293 1525 aemulari
306 1469 353 1526 uel
367 1467 614 1543 praedicationem
630 1468 750 1532 curabat
765 1465 871 1525 audire.

214 1562 427 1637 Euangelizans
445 1574 544 1620 autem
560 1561 641 1637 genti
660 1561 813 1637 episcopus
832 1562 944 1633 Vilfrid,
964 1583 1024 1622 non
1043 1567 1138 1624 solum

154 1673 219 1712 eam
241 1659 279 1715 ab
299 1678 439 1717 aerumna
459 1670 617 1734 perpetuae
638 1657 834 1717 damnationis
852 1678 954 1718 uerum
973 1671 1002 1718 et
1018 1681 1036 1718 a
1053 1662 1139 1721 clade

154 1750 275 1814 infanda
289 1757 456 1831 temporalis
476 1755 607 1814 interitus
624 1754 736 1830 eripuit.
779 1755 923 1829 siquidem
944 1756 1035 1816 tribus
1054 1757 1137 1815 annis
1154 1777 1186 1836 15

153 1862 222 1909 ante
236 1853 396 1910 aduentum
412 1851 473 1911 eius
487 1851 517 1909 in
538 1851 717 1926 prouinciam
737 1853 818 1910 nulla
836 1851 890 1910 illis
909 1852 938 1909 in
954 1852 1024 1910 locis
1039 1852 1138 1926 pluuia

153 1948 306 2018 ceciderat,
322 1949 401 2006 unde
416 1959 445 2007 et
458 1951 550 2007 fames
563 1948 750 2007 acerbissima
763 1949 879 2023 plebem
893 1947 1035 2006 inuadens
1049 1947 1138 2024 impia

154 2063 226 2102 nece
253 2044 414 2118 prostrauit.
457 2045 584 2119 denique
608 2047 704 2104 serunt
729 2045 796 2120 quia
819 2063 906 2119 saepe
929 2045 958 2102 xl
980 2044 1065 2102 simul
1087 2055 1138 2104 aut

153 2142 163 2197 l
190 2124 324 2198 homines
351 2140 449 2199 inedia
475 2141 612 2204 macerati
639 2141 831 2217 procederent
864 2142 902 2199 ad
936 2141 1137 2216 praecipitium

153 2234 273 2310 aliquod
287 2235 348 2294 siue
367 2238 459 2310 ripam
480 2237 575 2309 maris,
591 2248 620 2318 et
640 2235 746 2294 iunctis
765 2234 868 2294 misere
882 2235 1017 2299 manibus
1031 2236 1138 2310 pariter
1152 2255 1188 2293 20

153 2349 255 2388 omnes
283 2341 333 2388 aut
359 2331 442 2389 ruina
468 2331 586 2408 perituri
614 2344 665 2391 aut
692 2331 828 2390 fluctibus
855 2330 1033 2388 absorbendi
1061 2331 1138 2390 deci-

153 2426 263 2484 derent.
306 2447 407 2486 uerum
427 2428 491 2504 ipso
513 2428 569 2499 die,
588 2448 648 2504 quo
662 2426 808 2502 baptisma
828 2424 896 2483 fidei
914 2445 986 2500 gens
1010 2425 1139 2502 suscepit
1183 2482 1186 2488 .

85 2546 87 2553 ·
153 2526 209 2594 illa,
239 2525 391 2584 descendit
416 2527 516 2601 pluuia
543 2545 645 2585 serena
667 2525 719 2583 sed
743 2522 870 2598 copiosa,
899 2522 1026 2581 refloruit
1054 2535 1136 2596 terra,

65 2646 67 2649 v
152 2617 237 2676 rediit
259 2619 449 2679 uiridantibus
470 2622 547 2679 aruis
573 2639 667 2679 annus
694 2621 787 2677 laetus
815 2627 844 2675 et
870 2616 993 2692 frugifer.
1036 2617 1138 2693 sicque

152 2713 266 2772 abiecta
280 2716 374 2789 prisca
388 2717 599 2792 superstitione,
615 2716 765 2776 exsufflata
784 2713 925 2784 idolatria,
940 2733 991 2772 eor
1005 2714 1136 2772 omniurn
1152 2739 1166 2775 2
1170 2735 1185 2794 5

152 2821 182 2869 et
195 2830 262 2870 caro
276 2812 408 2870 omnium
423 2816 624 2872 exultauemnt
641 2813 671 2870 in
689 2815 777 2871 deum
797 2809 914 2868 uiuum:
936 2809 1137 2886 intellegentes

152 2924 229 2977 eum,
245 2906 295 2980 qui
309 2927 395 2965 uerus
409 2920 453 2966 est
467 2911 547 2981 deus,
564 2919 592 2969 et
605 2905 791 2966 interioribus
805 2925 836 2964 se
850 2904 936 2963 bonis
951 2917 979 2963 et
994 2903 1138 2963 exteriori·

151 3001 206 3060 bus
220 3002 337 3061 caelesti
350 3002 441 3078 gratia
455 3004 570 3064 ditasse.
612 3023 682 3061 nam
701 3014 731 3062 et
744 3000 863 3060 antistes
883 3020 950 3058 cum
964 3000 1093 3058 uenisset
1107 2999 1138 3058 in

152 3097 336 3171 prouinciam
352 3109 526 3175 tantamque
539 3101 579 3161 ibi
593 3100 678 3159 samis
694 3119 822 3176 poenam
836 3098 956 3167 uideret,
972 3097 1073 3156 docuit
1087 3117 1137 3158 eos

151 3191 293 3265 piscando
308 3193 420 3253 uictum
434 3215 581 3270 quaerere.
623 3213 752 3269 namque
766 3211 845 3252 mare
860 3203 889 3251 et
902 3190 1023 3249 flumina
1036 3209 1136 3249 eorum
1150 3212 1188 3267 30

151 3285 279 3362 piscibus
302 3290 503 3364 abundabant,
528 3293 581 3352 sed
603 3290 737 3368 piscandi
760 3287 863 3367 peritia
885 3286 965 3364 genti
981 3287 1062 3346 nulla
1081 3285 1138 3346 nisi

214 3490 237 3524 ¹⁴
250 3508 411 3547 mcmnams.
534 3494 556 3532 ¹⁷
571 3496 723 3545 acmissima
734 3509 779 3544 ms.
904 3490 1069 3542 ¹1obser-urs.
