2592 3834
131 232 280 314 'l16)=14]
388 245 870 304 nslvncesoacnenuattn.
969 253 972 263 ·
1066 235 1119 291 12'1

140 395 227 435 saeua
247 377 338 435 caede
360 395 395 434 ac
417 375 646 452 depopulatione
669 375 795 448 attn'uit3
821 375 873 433 sed
894 389 965 434 mox
987 376 1124 450 expulsus

140 482 184 530 est
205 491 223 528 a
246 472 369 530 ducibus
390 471 464 546 regis
485 473 653 531 Berctlruno
676 483 707 530 et
732 472 892 542 Andhun0,
914 469 964 545 qui
984 469 1123 546 deinceps

139 585 261 642 regnum
287 566 456 642 prouinciae
483 578 654 628 tenuerunt:
689 585 812 641 quorum
845 564 923 640 prior
955 575 1057 640 postea
1086 566 1124 624 ab

140 664 245 721 eodem
268 663 435 734 Caedualla,
460 682 528 722 cum
549 673 625 722 esset
652 682 703 721 rex
723 661 919 731 Geuissorum,
944 661 1059 720 occisus
1080 672 1125 721 cst

109 769 170 837 5et
196 757 347 856 prouincia
372 757 503 832 grauiore
530 757 648 817 seruitio
682 759 808 817 subacta
854 759 907 816 sed
934 767 964 816 et
991 757 1046 829 Ini‚
1074 756 1125 833 qui

140 863 207 927 post
222 854 402 913 Caeduallan
416 852 555 929 regnauit,
570 852 657 911 simili
670 852 850 928 prouinciam
865 852 944 910 illam
958 852 1126 912 adflictione

140 948 265 1024 plurimo
289 967 434 1006 annorum
457 958 589 1023 tempore
612 946 799 1022 mancipauit.
842 965 930 1022 quare
951 949 1059 1006 laetum
1081 957 1126 1006 est

141 1056 174 1104 ut
192 1055 255 1104 toto
273 1043 323 1102 illo
342 1055 473 1119 tempore
492 1044 664 1119 episcopum
686 1043 834 1120 proprium
855 1045 962 1103 habere
984 1045 1124 1120 nequiret,

141 1142 194 1200 sed
227 1150 364 1198 reuocato
392 1141 512 1198 domum
537 1141 661 1200 Vilfrido
695 1141 789 1216 primo
823 1161 877 1200 suo
910 1141 1038 1202 antistite
1070 1142 1127 1218 ipsi

93 1254 129 1294 10
142 1236 281 1312 episcopo
305 1235 503 1308 Geuissorum,
529 1235 559 1295 id
583 1248 627 1296 est
649 1237 884 1298 Occidentalium
906 1240 1053 1298 Saxonum
1075 1239 1126 1316 qui

142 1340 239 1391 essent
253 1329 283 1388 in
297 1332 394 1388 Venta
407 1329 533 1402 ciuitate,
549 1331 739 1391 subiacerent.

586 1644 687 1728 [xvi]

112 1782 114 1787 ’
149 1785 405 1907 POSTQVAM
433 1803 501 1860 ergo
526 1785 686 1846 Caedualla
712 1775 802 1862 regno
829 1785 939 1862 potitus
961 1795 1005 1846 est
1029 1783 1129 1845 Geuis-
1204 1813 1206 1817 ·

219 1901 324 1953 sorum,
348 1879 426 1956 cepit
445 1892 473 1940 et
490 1880 614 1940 insulam
631 1883 755 1940 Vectam
778 1902 853 1958 quae
875 1893 935 1942 erat
956 1892 1019 1941 tota
1040 1881 1130 1942 idola·

78 1991 128 2050 -15
144 1976 214 2035 triae
228 1977 336 2047 dedita,
356 1995 392 2034 ac
410 1975 517 2052 tragica
535 1977 626 2037 caede
647 1996 749 2036 omnes
768 1977 919 2053 indigenas
940 1977 1129 2036 exterminare

142 2090 180 2129 ac
201 2091 269 2130 suae
292 2071 461 2149 prouinciae
482 2071 616 2131 homines
637 2091 690 2147 pro
710 2073 755 2131 his
776 2073 948 2132 substituere
969 2070 1128 2142 contendit,
1164 2129 1166 2132 .

144 2178 216 2226 uoto
237 2187 268 2226 se
289 2167 430 2244 obligans,
453 2167 588 2242 quamuis
616 2169 744 2225 necdum
772 2179 957 2242 regeneratus
977 2178 1009 2226 ut
1035 2167 1131 2225 serunt

144 2263 175 2321 in
197 2263 322 2337 Christo,
342 2263 419 2340 quia,
442 2263 466 2322 si
487 2263 610 2339 cepisset
632 2263 765 2336 insulam,
785 2275 915 2340 quartam
936 2275 1047 2339 partem
1069 2263 1130 2337 eius

139 2356 231 2443 simul
252 2372 282 2421 et
303 2363 428 2437 praedae
451 2361 573 2420 domino
596 2363 685 2420 daret.
728 2362 808 2436 quod
830 2360 870 2420 ita
888 2361 982 2432 soluit,
1005 2371 1038 2420 ut
1053 2361 1132 2418 hanc

92 2477 131 2516 20
145 2457 270 2517 Vilfrido
289 2458 437 2533 episeopo,
456 2456 506 2532 qui
525 2468 596 2516 tunc
614 2460 687 2516 forte
702 2459 838 2534 degente
855 2477 907 2516 sua
925 2457 1132 2534 superueniens

145 2554 254 2626 aderat,
276 2553 418 2614 utendam
439 2573 492 2630 pro
515 2554 635 2614 domino
657 2557 777 2614 offerret.
820 2566 864 2614 est
883 2566 979 2614 autem
997 2576 1132 2616 mensura

146 2647 279 2708 eiusdem
300 2650 413 2708 insulae
440 2649 520 2708 iuxta
541 2649 774 2709 aestimationem
796 2653 957 2726 Anglorum
979 2651 1059 2712 mille
1082 2653 1133 2712 du-

146 2756 296 2804 centarum
322 2745 512 2805 familiarum:
546 2748 626 2805 unde
654 2747 723 2804 data
750 2757 793 2806 est
821 2747 960 2824 episcopo
987 2749 1133 2824 possessio

146 2855 238 2902 terrae
260 2852 453 2901 trecentarum
477 2842 658 2903 familiarum.
700 2854 730 2902 at
753 2843 815 2920 ipse
838 2857 950 2920 partem
971 2865 1060 2922 quam
1082 2865 1134 2906 ac-

91 2953 108 2991 2
113 2947 131 3008 5
147 2936 225 3012 cepit
251 2937 471 2997 commendauit
503 2937 622 2998 cuidam
650 2939 686 2999 de
714 2939 824 2999 clericis
855 2941 922 3011 suis,
950 2941 998 3000 cui
1025 2961 1134 3010 nomen

147 3031 287 3090 Bemuini
310 3041 340 3088 et
361 3031 518 3091 eratfilius
540 3033 645 3092 sororis
674 3033 744 3104 eius,
777 3036 850 3094 dans
871 3035 913 3093 illi
934 3038 1134 3113 presbyterum

147 3127 269 3188 nomine
282 3126 417 3200 Hiddila‚
432 3128 482 3204 qui
496 3129 633 3189 omnibus
651 3129 702 3206 qui
720 3131 825 3190 saluari
842 3134 950 3192 uellent
963 3133 1086 3193 uerbum
1099 3154 1135 3198 ac
1221 3160 1223 3164 ’

86 3214 90 3221 ’
146 3227 296 3311 lauacmm
309 3225 387 3285 uitae
401 3225 583 3286 ministraret.

208 3320 268 3380 Vbi
281 3318 396 3380 silentio
406 3318 649 3396 praetereundum
664 3340 725 3381 non
739 3341 802 3382 esse
816 3342 888 3398 reor,
899 3326 982 3400 ‚quod
995 3323 1026 3383 in
1039 3323 1136 3402 primi·

219 3463 242 3496 ¹²
257 3479 325 3528 seep
339 3476 385 3513 rao
401 3477 418 3512 n
431 3474 469 3526 27.
611 3462 642 3501 «Η
653 3465 725 3531 coepit
734 3481 781 3515 ms.
907 3465 930 3498 ¹⁵
945 3469 1049 3533 stragica
1060 3485 1107 3521 ms.
