2592 3834
165 267 220 307 100
305 262 570 313 MONASTERIES
588 260 709 310 BUILT
723 259 780 308 ΒΥ
798 257 1002 307 COLMANUS.
1088 237 1146 318 [IV

161 390 295 450 iratribus
311 391 422 466 aliquot
440 387 535 465 primo
550 387 633 447 uenit
650 388 689 448 ad
705 387 829 446 insulam
848 385 909 458 Hii,
929 384 1008 444 unde
1026 393 1087 444 erat
1106 383 1146 442 ad

160 485 390 562 praedicandum
411 485 533 543 uerbum
554 484 718 560 Anglorum
737 481 816 559 genti
836 480 998 541 destinatus
1008 500 1017 552 ;
1038 478 1147 538 deinde

161 582 282 644 secessit
294 584 332 642 ad
346 581 470 640 insulam
484 581 633 657 quandam
646 598 776 656 paruam,
791 597 867 655 quae
880 579 919 637 ad
933 576 1147 637 occidentalem

161 680 278 755 plagam
296 678 334 736 ab
354 676 500 736 Hibernia
517 678 619 752 procul
639 687 751 735 secreta
768 695 903 734 sermone
921 675 1050 734 Scotticc
1072 672 1146 732 Inis-

160 776 308 845 boufinde,
323 774 355 833 id
368 785 413 833 est
430 772 541 832 ‘insula
553 772 662 832 uitulae
676 773 778 843 albae,'
791 783 984 849 nuncupatur.
1025 772 1055 831 in
1068 774 1146 832 hanc
1178 789 1193 848 5

57 925 59 933 ,
162 888 231 946 ergo
249 869 422 945 perueniens
442 867 602 927 construxit
619 867 826 928 monasterium
845 880 875 928 et
894 870 1055 929 monachos
1074 869 1146 929 inibi
1210 905 1212 918 ·

162 985 237 1043 quos
264 967 302 1026 de
328 977 450 1041 utraque
476 965 595 1025 natione
625 966 765 1025 collectos
792 966 953 1026 adduxerat
980 966 1145 1024 collocauit

162 1060 214 1138 qui
235 1081 303 1120 cum
324 1061 451 1120 inuicem
472 1061 652 1120 concordare
669 1080 730 1120 non
748 1072 877 1138 possent,
899 1080 935 1121 eo
954 1063 1035 1138 quod
1054 1061 1147 1121 Scotti

162 1170 294 1235 tempore
307 1157 425 1217 aestatis
439 1176 498 1233 quo
514 1158 609 1233 fruges
627 1167 709 1217 erant
726 1157 907 1236 colligendae
920 1157 1020 1217 relicto
1034 1176 1147 1216 monas

163 1251 236 1312 terio
259 1271 312 1327 per
330 1263 401 1311 nota
418 1251 475 1310 sibi
496 1254 562 1311 loca
579 1251 703 1328 dispe'rsi
718 1262 897 1326 uagarentur,
917 1263 949 1311 at
961 1270 1033 1310 uero
1050 1250 1147 1310 hieme
1159 1267 1196 1306 ro

163 1348 339 1406 succedente
356 1347 483 1406 redirent
501 1358 531 1407 et
548 1347 593 1406 his
612 1366 688 1423 quae
706 1346 794 1423 Angli
811 1357 1054 1424 praeparauerant
1070 1365 1146 1406 com·

163 1443 290 1503 munitet
309 1443 352 1503 uti
371 1443 588 1518 desiderarent3
611 1441 755 1520 quaesiuit
774 1444 934 1504 Colmanus
952 1443 1022 1502 huic
1040 1442 1149 1503 dissen-

164 1540 239 1600 sioni
252 1541 421 1613 remedium,
436 1551 466 1600 et
479 1540 621 1600 circuiens
639 1539 740 1599 omnia
756 1559 847 1616 prope
865 1542 913 1600 uel
931 1542 1018 1617 longe
1037 1539 1149 1600 inuenit

164 1641 263 1699 locum
284 1640 316 1698 in
338 1638 483 1698 Hibernia
503 1637 599 1696 insula
618 1647 721 1713 aptum
742 1636 919 1720 monasterio
940 1637 1147 1707 construendo,

165 1734 216 1811 qui
236 1735 336 1810 lingua
356 1736 521 1794 Scottorum
544 1736 653 1808 Mageo
674 1731 859 1804 nominatur;
887 1731 1015 1807 emitque
1035 1743 1148 1808 partem
1162 1739 1195 1798 15

165 1829 227 1890 eius
254 1848 321 1905 non,
341 1830 481 1904 grandem
506 1829 546 1887 ad
573 1827 802 1886 construendum
828 1826 870 1887 ibi
896 1827 1103 1886 monasterium
1130 1845 1149 1885 a

165 1925 272 1984 comite
293 1925 331 1982 ad
354 1923 436 1981 cuius
459 1921 674 1998 possessionem
701 1921 882 1998 pertinebat;
915 1941 950 1982 ea
974 1920 1150 1981 condicione

165 2018 274 2089 addita,
289 2029 322 2077 ut
335 2036 389 2093 pro
402 2016 467 2093 ipso
481 2015 569 2076 etiam
583 2016 633 2092 qui
652 2017 693 2076 eis
710 2018 806 2076 locum
824 2017 1025 2076 commodaret
1042 2015 1150 2076 consis

166 2124 260 2173 tentes
278 2112 320 2172 ibi
337 2112 475 2171 monachi
493 2111 614 2171 domino
630 2131 732 2187 preces
750 2113 893 2171 offerrent
935 2121 966 2169 et
983 2122 1150 2171 constructo

166 2208 263 2268 statim
281 2207 458 2267 monasterio
476 2207 595 2266 iuuante
614 2206 703 2266 etiam
721 2205 829 2265 comite
845 2223 880 2264 ac
893 2204 998 2264 uicinis
1015 2205 1150 2265 omnibus
1164 2227 1201 2266 20

167 2306 278 2380 Anglos
304 2303 415 2363 ibidem
438 2301 555 2374 locauit,
582 2302 692 2362 relictis
710 2300 741 2360 in
761 2301 891 2377 praefata
913 2300 1007 2360 insula
1033 2301 1149 2362 Scottis

166 2404 249 2476 quod
264 2401 402 2460 uidelicet
420 2399 627 2460 monasterium
645 2417 739 2474 usque
757 2397 846 2457 hodie
864 2398 902 2456 ab
920 2395 1025 2472 Anglis
1038 2407 1152 2456 tenetur

166 2499 279 2558 incolis
319 2498 414 2574 ipsum
433 2515 561 2572 namque
582 2506 627 2554 est
645 2495 727 2571 quod
745 2513 824 2552 nunc
841 2494 951 2569 grande
973 2494 1010 2552 de
1032 2493 1152 2553 modico

167 2596 303 2654 effectum
319 2593 441 2668 Muigec
460 2603 599 2652 consuete
617 2603 747 2664 uocatur,
768 2601 796 2650 et
814 2589 963 2650 conuersis
981 2589 1152 2650 iamdudum

167 2690 205 2747 ad
233 2688 354 2748 meliora
379 2689 510 2748 instituta
536 2687 673 2747 omnibus
700 2686 846 2764 egregium
873 2706 995 2747 examen
1022 2686 1154 2747 continet
1166 2701 1201 2761 25

168 2786 386 2854 monachorum,
412 2783 461 2860 qui
489 2785 527 2843 de
551 2781 702 2859 prouincia
723 2783 883 2859 Anglcrum
907 2780 1017 2842 ibidem
1039 2780 1154 2842 collecti

167 2884 206 2941 ad
227 2882 393 2956 exemplum
416 2880 627 2940 uenerabilium
651 2890 768 2955 patrum
794 2881 849 2938 sub
872 2881 970 2956 regula
994 2889 1023 2938 et
1046 2879 1155 2938 abbate

168 2977 312 3037 canonico
329 2977 359 3036 in
375 2996 482 3053 magna
499 2975 680 3036 continentia
694 2987 724 3036 et
737 2974 902 3036 sinceritate
919 2974 1037 3052 proprio
1055 2976 1154 3034 labore

168 3093 307 3133 manuum
322 3073 433 3131 uiuunt.
931 3063 933 3072 ’

297 3256 453 3307 ’distinam
464 3273 511 3307 ms.
643 3267 648 3274 '
835 3257 856 3290 ¹⁹
873 3257 1026 3322 offormtms.
