2592 3834
147 240 265 323 norm]
378 249 578 303 stoream
602 251 651 300 or«-
672 249 902 300 worcrsrnr.
1079 237 1132 312 185

611 424 676 488 XII

148 537 396 689 S'AcERDOS
415 555 599 628 uenerabilis,
614 557 778 616 monachus
792 575 845 632 per
858 554 958 614 omnia
970 553 1132 628 laudabilis,

241 666 432 738 computator¹
453 652 602 725 mirabilis,
630 653 713 712 Beda
739 651 946 722 sanctissimus
971 652 1133 712 secun-dum

144 751 285 828 Anglicas
305 749 458 810 chronicas
480 768 561 808 anno
583 747 738 824 praesenti,
763 748 925 808 secundum
950 767 1133 838 uerobsuum

113 867 129 927 5
145 846 321 924 discipulum
342 846 545 917 Cuthbertum‚
561 843 611 921 qui
625 845 687 904 eius
701 844 814 905 obitum
833 844 985 922 descripsit
1004 839 1134 923 suaeque

145 941 309 1000 decessioni
330 960 398 1000 curn
411 939 475 999 aliis
494 959 582 1016 quam
596 939 727 1016 plurimis
741 939 877 1011 interfuit,
898 959 978 1000 anno
998 941 1133 1017 sequenti

132 1046 212 1105 ¹ante
226 1035 430 1096 ascensionem
450 1035 630 1096 dominicam
650 1035 770 1095 inferia
790 1037 822 1096 id
841 1047 886 1095 est
901 1035 953 1094 uiii
974 1038 1023 1095 kal
1044 1037 1131 1110 Iunii,

143 1131 221 1190 circa
238 1133 340 1192 horam
359 1149 379 1190 x
396 1131 428 1190 in
450 1149 558 1205 magna
573 1131 680 1190 mentis
700 1131 860 1191 deuotione
879 1142 908 1190 et
924 1131 1133 1208 tranquillitate

142 1227 277 1288 ultimum
291 1245 441 1304 ecorpore
460 1226 593 1303 spiritum
607 1225 719 1286 efflauit
736 1226 836 1303 sicque
849 1228 980 1303 gaudens
994 1230 1033 1289 ad
1043 1249 1133 1306 regna

93 1349 129 1388 10
142 1323 281 1385 caelestia
305 1323 447 1402 migrauit.
497 1323 545 1382 hic
569 1342 638 1382 suae
661 1323 756 1400 gentis
783 1343 872 1400 quam
899 1324 1024 1400 plurima
1050 1338 1133 1402 gesta

141 1420 293 1496 hucusque
307 1423 457 1480 luculento
475 1419 629 1496 descripsit
642 1439 786 1493 sermone,
800 1440 950 1497 unumque
964 1422 1132 1499 temporalis

141 1516 219 1576 uitae
234 1518 415 1593 modumque
428 1516 594 1575 terminauit
606 1515 752 1576 historiae.

593 1737 675 1794 XIII

141 1867 382 1992 VADATVR
402 1865 545 1927 sermonis
566 1866 626 1926 mei
643 1865 796 1928 ueritatem
820 1867 909 1942 Beda,
932 1869 982 1945 qui
1003 1887 1040 1929 eo
1060 1877 1130 1952 tem-

90 1994 124 2053 15
245 1982 327 2038 pore,
355 1982 415 2040 quo
442 1962 569 2022 maxime
597 1962 774 2022 scaturiebat
807 1963 939 2024 litteratis
972 1964 1128 2037 Britannia,

138 2057 208 2118 huic
232 2055 421 2138 [Chelwulso]
443 2057 627 2134 potissimum
651 2059 815 2134 Anglorum
838 2058 988 2119 historiam
1013 2059 1130 2119 eliman-

139 2155 208 2214 dam
222 2151 337 2224 obtulit,
353 2152 464 2228 eligens
478 2151 614 2211 nimirum
629 2151 661 2211 in
677 2152 728 2212 illo
742 2151 945 2216 auctoritatem
960 2155 1130 2215 benedicta

137 2245 299 2307 roborandi
318 2258 439 2322 propter
461 2246 616 2324 imperium
639 2256 670 2307 et
691 2247 852 2320 scientiam,
875 2268 1027 2326 perperam
1051 2249 1129 2310 dicta

138 2341 316 2402 emendandi
329 2351 448 2419 propter
460 2341 617 2418 ingenium.

87 2475 126 2512 20
197 2441 268 2515 §54
309 2439 395 2497 Idem
416 2437 572 2498 historicus
594 2449 663 2515 post
686 2440 794 2499 multos
818 2439 849 2498 in
876 2450 977 2499 sancta
1005 2441 1128 2502 ecclesia

137 2535 227 2595 libros
245 2535 409 2595 elaboratos
427 2536 584 2594 caelestem
598 2534 729 2611 patriam,
745 2555 834 2611 quarn
854 2535 904 2595 diu
923 2535 1126 2613 suspirauerat,

136 2631 282 2708 ingressus
310 2641 361 2704 est,
368 2675 479 2690 .........
483 2631 528 2690 uir
549 2650 639 2707 quern
663 2632 759 2692 mirari
784 2629 898 2692 facilius
926 2653 1015 2709 quarn
1039 2634 1127 2711 digne

136 2727 305 2805 praedicare
325 2728 429 2805 possis,
458 2729 539 2804 quod
566 2727 597 2787 in
625 2741 756 2789 extremo
783 2741 870 2790 natus
901 2731 980 2790 orbis
1007 2733 1124 2808 angulo,

136 2824 287 2886 doctrinae
301 2842 423 2885 corusco
437 2835 527 2884 terras
541 2844 644 2884 omnes
658 2825 862 2902 perstrinxerit,
878 2846 946 2885 nam
966 2838 995 2887 et
1016 2827 1126 2887 Britan·

85 2952 100 2990 2
104 2950 120 3009 5
136 2918 194 2992 nia,
209 2938 285 2995 quae
298 2939 317 2978 a
331 2919 506 2995 quibusdam
527 2922 599 2980 alter
619 2921 699 2980 orbis
719 2923 889 2998 appellatur,
911 2923 993 3000 quod
1011 2944 1125 2986 oceano
1205 2977 1209 2985 ,

135 3013 275 3074 interfusa
297 3035 360 3075 non
379 3015 478 3075 multis
499 3017 719 3094 cosmographis
740 3029 890 3095 comperta
909 3030 963 3091 est,
984 3021 1074 3079 habet
1094 3021 1125 3080 in

134 3110 329 3170 remotissima
342 3111 388 3170 sui
400 3111 488 3189 plaga
500 3113 599 3172 locum
619 3112 781 3174 natiuitatis
802 3125 832 3174 et
854 3115 1037 3176 educationis
1051 3115 1123 3190 eius,

134 3203 250 3265 Scotiae
263 3204 514 3283 propinquum.

180 3341 191 3376 ¹
207 3343 346 3394 Florentius
357 3344 452 3408 Vigom
463 3343 582 3414 chronan
595 3358 651 3410 734.
783 3413 784 3420 ἵ

133 3445 137 3452 ’
181 3406 358 3523 {effidima
369 3448 595 3525 Malmeshuriensis
605 3482 675 3540 gesta
686 3491 771 3541 regum
783 3475 922 3540 Anglorum
935 3491 946 3526 1
959 3478 973 3538 5
984 3487 1015 3541 53
1024 3476 1044 3528 s·
1117 3505 1119 3512 ·
