2592 3834
149 223 199 311 1'1]
267 230 558 296 oasaarrr‘xmo
579 247 627 296 on
647 245 724 296 rna
744 244 846 295 narr
861 243 1008 295 saxona
1074 241 1128 288 rrr

145 381 289 458 perditam
301 375 402 458 posset
414 382 543 460 recipere
557 385 660 442 lucem.
702 401 758 441 nec
769 380 880 442 distulit
894 380 964 457 quin
978 376 1129 453 continuo,

146 477 227 551 quod
245 473 353 536 'mente
380 490 563 554 conceperat,
599 479 735 554 expleret
777 479 919 554 perducta
952 495 1079 553 namque
1112 497 1131 535 a

80 579 84 583 ’
145 571 250 646 puellis
276 572 335 631 suis
362 573 401 632 ad
424 573 642 646 monasterium,
672 573 740 648 quia
766 571 796 632 in
823 573 957 650 proximo
985 585 1053 646 erat,
1078 572 1130 632 ubi

145 667 234 724 fidem
262 685 332 727 suae
359 666 519 726 sanationis
545 667 687 744 integram
715 687 746 726 se
776 669 885 728 habere
918 669 1049 744 professa
1075 681 1129 740 est,

114 777 131 836 5
146 761 374 845 introductaest
391 765 429 823 ad
450 763 632 840 cymiterium
650 775 688 837 et,
703 783 772 823 cum
791 763 902 823 ibidem
919 764 1028 824 diutius
1048 763 1131 823 flexis

143 859 268 934 genibus
292 871 394 932 oraret,
418 860 511 919 nihilo
538 860 647 919 tardius
674 859 780 919 meruit
807 859 945 919 exaudiri.
988 879 1056 918 narn
1085 879 1131 919 ex·

145 973 264 1030 surgens
277 957 315 1014 ab
329 955 469 1029 oratione,
484 954 654 1032 priusquam
674 954 764 1014 exiret
780 954 819 1014 de
839 956 914 1027 loco,
929 953 1037 1030 petitae
1056 953 1130 1013 lucis

141 1050 264 1126 gratiam
277 1050 395 1127 recepit,
411 1062 440 1111 et
454 1070 529 1127 quae
542 1053 714 1110 famularum
728 1051 863 1110 manibus
882 1050 1011 1110 adducta
1024 1052 1127 1122 fuerat,

144 1147 208 1222 ipsa
225 1149 318 1209 libero
334 1152 445 1226 pedum
460 1149 576 1209 inces‘su
593 1150 715 1209 domum
734 1148 811 1207 laeta
828 1167 944 1207 reuersa
966 1159 1026 1208 est:
1048 1149 1130 1223 quasi

93 1277 134 1315 10
143 1249 254 1306 adhoc
268 1249 363 1306 solum
376 1249 468 1307 modo
486 1249 583 1305 lucem
598 1245 743 1305 amitteret
757 1245 947 1320 temporalem
961 1255 1001 1315 ut,
1018 1256 1129 1320 quanta

145 1353 263 1401 sanctos
278 1341 385 1403 Christi
403 1344 453 1400 lux
468 1341 499 1401 in
513 1341 601 1402 caelis
619 1361 695 1419 quae
713 1341 805 1418 gratia
822 1340 935 1400 uirtutis
955 1341 1128 1418 possideret,

145 1458 199 1498 sua
211 1437 363 1518 sanatione
377 1438 596 1498 demonstraret.

615 1824 704 1884 XI'

150 1985 240 2108 EO
268 1995 400 2060 tempore
426 1983 568 2060 praeerat*
583 2003 675 2060 regno
697 1983 892 2045 Orientalium
914 1989 1071 2061 Saxonum,
1099 1999 1132 2048 ut
1203 2035 1205 2039 >

91 2109 130 2168 15
231 2083 311 2144 idem
334 2083 422 2142 etiarn
444 2083 560 2142 libellus
586 2083 683 2154 docet,
706 2082 753 2141 uir
773 2085 896 2143 multum
921 2087 979 2146 deo
1006 2089 1131 2147 deuotus

144 2181 265 2240 nomine
276 2181 374 2252 Sebbi,
389 2179 472 2238 cuius
486 2198 572 2254 supra
584 2179 776 2238 meminimus.
819 2193 880 2241 erat
900 2183 977 2241 enim
992 2183 1131 2260 religiosis

144 2276 259 2335 actibus
278 2274 388 2334 crebris
406 2274 542 2350 precibus
562 2273 617 2350 piis
638 2273 863 2350 elimosynamm
882 2279 1022 2338 fructibus
1045 2279 1131 2356 pluri·

145 2391 227 2429 mum
239 2370 377 2442 intentus,
392 2370 483 2428 uitam
497 2370 639 2445 priuatam
658 2380 687 2428 et
701 2370 905 2430 monachicam
924 2374 1037 2434 cunctis
1050 2374 1132 2450 regni

145 2467 254 2527 diuitiis
272 2478 301 2526 et
319 2465 479 2525 honoribus
498 2462 670 2541 praeferens,
686 2484 774 2540 quam
795 2477 824 2525 et
845 2468 916 2526 olim
936 2467 1004 2542 iarn,
1026 2469 1050 2529 si
1070 2490 1131 2530 non

93 2589 132 2627 20
146 2563 308 2621 obstinatus
322 2561 455 2637 coniugis
472 2561 587 2619 animus
605 2560 763 2620 diuortium
782 2573 908 2636 negaret,
923 2564 1024 2624 relicto
1041 2584 1131 2642 regno

145 2655 278 2716 subisset
306 2658 386 2715 unde
399 2658 524 2715 multum
538 2655 633 2714 uisum
648 2667 678 2715 et
693 2675 780 2732 saepe
795 2657 906 2717 dictum
920 2669 972 2731 est,
985 2659 1052 2736 quia
1065 2660 1131 2720 talis

145 2753 236 2812 animi
249 2754 344 2813 uirum
358 2753 529 2830 episcopum
542 2753 635 2829 magis
650 2773 738 2829 quam
752 2773 849 2830 regem
864 2755 991 2814 ordinari
1005 2757 1129 2816 deceret.

145 2868 271 2924 cumque
285 2868 379 2909 annos
392 2869 450 2906 xxx
462 2849 494 2906 in
511 2867 602 2925 regno
620 2849 704 2907 miles
725 2849 806 2925 regni
827 2851 960 2910 caelestis
979 2850 1129 2927 exegisset,

144 2955 296 3021 correptus
310 2955 353 3004 est
367 2943 496 3019 corporis
510 2943 675 3004 infirmitate
689 2945 877 3020 permaxima,
887 2965 945 3021 qua
959 2957 988 3006 et
1001 2958 1131 3007 mortuus

92 3063 128 3121 25
145 3054 207 3104 est:
228 3043 448 3118 ammonuitque
463 3041 625 3118 coniugem,
645 3052 678 3101 ut
696 3044 744 3102 uel
764 3053 836 3101 tunc
854 3042 954 3103 diuino
969 3063 1000 3104 se
1014 3043 1131 3105 seruitio

143 3141 251 3217 pariter
263 3139 472 3214 manciparent,
487 3157 555 3196 cum
569 3137 694 3213 amplius
708 3137 816 3214 pariter
833 3139 976 3197 mundum
995 3141 1131 3216 amplecti

142 3236 194 3294 uel
216 3234 314 3310 potius
336 3235 448 3292 mundo
470 3232 575 3292 seruire
595 3252 657 3292 non
677 3244 806 3308 possent
848 3234 931 3308 quod
951 3234 1023 3293 dum
1046 3254 1132 3312 aegre

142 3332 300 3408 inpetraret
324 3330 361 3388 ab
384 3348 425 3400 ea,
449 3327 531 3386 uenit
556 3328 596 3386 ad
621 3327 781 3388 antiStitem
809 3327 983 3390 Lundoniae
1005 3329 1131 3392 ciuitatis

141 3427 290 3486 uocabulo
303 3423 452 3495 Valdheri,
467 3422 518 3499 qui
533 3424 719 3484 Erconualdo
738 3434 918 3484 successerat
926 3445 935 3499 3
956 3435 986 3484 et
1004 3444 1057 3502 per
1070 3426 1132 3487 eius
