2592 3834
160 217 215 272 160
289 231 412 280 mrsu
429 231 556 280 currat>
576 231 633 279 AT
652 231 886 282 camaracus
907 231 1017 284 roua
1089 216 1148 298 [IV

156 352 292 413 molestia
304 365 398 414 tactus
416 364 468 425 est,
483 353 525 413 ita
544 365 577 413 ut
595 373 733 414 corruens
754 355 785 414 in
804 366 911 416 terram
929 368 959 416 et
978 355 1148 434 aliquandiu
1194 405 1197 409 ,

155 470 267 528 pronus
299 451 399 510 iacens
431 451 482 510 uix
507 452 629 510 tandem
656 463 823 528 resurgeret.
866 472 1017 529 resurgens
1048 465 1147 514 autem

157 546 248 605 sensit
281 545 434 605 dimidiam
467 545 598 622 corporis
625 545 671 606 sui
697 558 811 623 partem
832 566 851 605 a
874 547 970 624 capite
992 568 1085 624 usque
1109 550 1148 610 ad

71 649 74 658 “
156 643 248 718 pedes
261 642 401 718 paralysis
418 643 559 718 languore
573 644 751 721 depressam,
768 655 798 703 et
816 645 946 704 maximo
965 665 1033 703 cum
1047 647 1147 705 labore

156 740 263 798 baculo
277 739 405 798 innitens
420 741 542 799 domum
560 739 702 816 peruenit.
745 742 896 799 crescebat
916 742 1037 800 morbus
1050 744 1148 817 paula·
1180 755 1196 814 5

156 834 209 893 tim
231 845 261 894 et
284 847 373 896 nocte
395 834 620 912 superueniente
639 834 755 911 grauior
778 837 900 894 effectus
923 847 975 909 est,
990 835 1032 895 ita
1048 847 1082 897 ut
1100 838 1149 898 die

156 931 298 990 redeunte
319 930 370 989 uix
396 931 459 1007 ipse
485 950 538 1007 per
564 950 596 990 se
617 950 770 1007 exsurgere
796 940 848 989 aut
869 930 1005 990 incedere
1028 933 1146 992 ualeret.

158 1045 218 1102 quo
241 1029 362 1088 affectus
389 1027 581 1088 incommodo
614 1026 752 1102 concepit
776 1025 935 1086 utillimum
956 1035 1055 1087 mente
1081 1047 1149 1088 con-

156 1122 262 1196 silium,
288 1135 322 1183 ut
349 1125 389 1184 ad
415 1123 570 1184 ecclesiam
593 1142 715 1199 quoquo
736 1124 829 1183 modo
852 1132 953 1200 posset
974 1124 1148 1200 perueniens

156 1220 275 1280 intraret
294 1222 335 1281 ad
354 1222 488 1281 tumbam
508 1218 735 1281 reuerentissimi
754 1218 843 1296 patris
863 1219 1031 1292 Cudbercti,
1048 1220 1148 1297 ibique
1164 1235 1199 1272 10

155 1315 279 1391 genibus
297 1314 378 1375 flexis
392 1316 516 1392 supplex
532 1335 689 1391 supernam
707 1315 847 1392 pietatem
865 1327 979 1392 rogaret
997 1328 1029 1375 ut
1048 1317 1096 1376 uel
1110 1318 1148 1376 ab

156 1411 361 1471 huiuscemodi
373 1413 514 1487 languore
530 1410 554 1470 si
572 1412 631 1470 hoc
650 1411 705 1470 sibi
721 1411 793 1471 utile
811 1422 888 1472 esset
907 1411 1145 1487 liberareturuel,

157 1508 181 1567 si
195 1528 227 1568 se
247 1509 298 1568 tali
317 1507 452 1568 molestia
467 1507 577 1567 diutius
601 1508 735 1584 castigari
753 1508 854 1568 diuina
869 1507 1043 1584 prouidente
1056 1508 1148 1584 gratia

157 1616 313 1680 oporteret,
340 1604 485 1682 patienter
512 1604 645 1664 dolorem
667 1625 703 1663 ac
729 1604 846 1681 placida
867 1616 966 1664 mente
994 1605 1149 1666 sustineret

156 1701 288 1760 inlatum.
323 1702 392 1762 fecit
404 1701 492 1777 igitur
501 1712 534 1760 ut
547 1700 649 1760 animo
658 1701 850 1776 disposuerat,
861 1713 890 1761 et
904 1701 1055 1762 inbecilles
1069 1714 1147 1762 artus
1163 1721 1197 1779 15

157 1797 262 1855 baculo
284 1806 450 1855 sustentans
473 1796 592 1855 intrauit
614 1795 770 1855 ecclesiam
793 1816 829 1855 ac
849 1807 1036 1872 prosternens
1059 1817 1090 1856 se
1109 1799 1148 1858 ad

157 1910 262 1966 corpus
286 1890 341 1949 uiri
361 1890 418 1962 dei,
433 1890 482 1967 pia
500 1890 663 1950 intentione
680 1910 733 1966 per
750 1889 813 1950 eius
832 1890 971 1950 auxilium
993 1893 1147 1952 dominum

157 1985 213 2044 sibi
230 1985 390 2062 propitium
411 1985 473 2045 ficri
491 1986 681 2062 precabatur:
701 1995 790 2060 atque
808 1984 883 2043 inter
899 2004 1000 2061 preces
1016 1987 1098 2045 uelut
1116 1986 1147 2045 in

157 2099 294 2156 soporem
318 2083 430 2141 solutus
455 2080 551 2153 sentit,
576 2091 609 2139 ut
630 2080 694 2156 ipse
712 2092 816 2156 postea
835 2081 939 2138 referre
956 2090 1017 2140 erat
1035 2079 1145 2154 solitus,

157 2176 241 2252 quasi
262 2196 401 2252 magnam
424 2178 572 2252 latamque
596 2196 718 2235 manum
746 2186 835 2252 caput
857 2175 912 2235 sibi
934 2175 965 2234 in
988 2187 1070 2252 parte
1089 2196 1148 2253 qua
1162 2200 1199 2238 20

158 2274 278 2332 dolebat
291 2272 428 2349 tetigisse,
443 2273 609 2349 eodemque
623 2283 704 2331 tactu
718 2283 811 2332 totam
825 2272 905 2331 illam
920 2291 995 2348 quae
1008 2275 1148 2348 languore

157 2386 258 2444 pressa
274 2369 369 2427 fuerat
390 2367 520 2444 corporis
539 2368 584 2427 sui
605 2378 719 2443 partem
741 2366 881 2443 paulatim
899 2366 1027 2442 fugiente
1046 2369 1147 2428 dolore

157 2482 193 2521 ac
215 2463 338 2523 sanitate
356 2465 554 2539 subsequente
572 2464 610 2522 ad
631 2464 723 2538 pedes
740 2481 832 2537 usque
849 2461 1044 2538 pertransisse.
1087 2482 1148 2539 quo
1236 2539 1237 2545 ἵ

158 2560 235 2617 facto
252 2579 323 2619 mox
340 2559 481 2636 euigilans
498 2559 668 2618 sanissimus
685 2559 814 2631 surrexit,
830 2577 866 2616 ac
886 2577 939 2634 pro
958 2577 1011 2617 sua
1025 2557 1148 2618 sanitate

158 2653 281 2713 domino
301 2655 407 2731 gratias
434 2656 533 2715 denuo
560 2655 687 2714 referens
710 2655 782 2731 quid
809 2673 877 2729 erga
899 2671 930 2711 se
951 2663 1049 2710 actum
1071 2665 1148 2714 esset
1162 2675 1197 2733 25

158 2749 292 2809 fratribus
318 2750 470 2824 indicauit,
498 2751 670 2827 cunctisque
697 2747 951 2826 congaudentibus
985 2748 1024 2806 ad
1051 2747 1149 2808 minis·

158 2845 263 2906 terium
285 2848 366 2922 quod
385 2845 526 2907 sollicitus
549 2847 686 2924 exhibere
704 2848 824 2919 solebat,
840 2843 924 2922 quasi
946 2845 1060 2920 flagello
1084 2863 1149 2920 pro

159 2941 247 3002 bante
260 2941 434 3018 castigatior,
448 2942 541 3002 rediit.

218 3040 279 3098 Sed
291 3049 321 3098 et
334 3038 516 3113 indumenta,
527 3038 633 3114 quibus
648 3040 706 3099 deo
720 3037 851 3097 dicatum
865 3053 971 3110 corpus
987 3033 1147 3094 Cudbercti

159 3135 207 3192 uel
221 3133 323 3192 uiuum
337 3146 424 3194 antea
437 3137 484 3194 uel
498 3146 602 3211 postea
615 3136 787 3194 defunctum
801 3131 966 3201 uestierant,
982 3129 1071 3188 etiarn
1085 3131 1149 3206 ipsa
1161 3152 1200 3208 30

159 3249 177 3288 a
196 3230 289 3306 gratia
308 3231 429 3290 curandi
450 3252 511 3291 non
536 3243 686 3304 uacarunt,
708 3230 782 3288 sicut
806 3228 837 3287 in
857 3226 1007 3286 uolumine
1023 3226 1101 3286 uitae
1119 3238 1149 3288 et

159 3325 300 3386 uirtutum
314 3327 376 3387 eius
389 3326 514 3404 quisque
527 3327 628 3403 legerit
641 3324 779 3385 inueniet

168 3432 199 3468 ²⁵
214 3435 372 3489 inbecilesms.
440 3435 594 3488 ”tacturus
660 3435 681 3469 ²⁷
696 3434 881 3484 exhz'bebercms.
946 3429 966 3462 ²⁷
975 3429 1130 3492 flagilloms.
1234 3461 1235 3464 =
