2592 3834
130 230 179 313 29]
196 247 540 299 VIGHARD'SDEATH.
565 247 663 296 POPE
678 245 1054 298 VITALIAN‘SLETI'ER.
1075 233 1112 306 83

127 390 158 439 et
177 377 340 455 apostolica
362 376 494 449 ecclesia,
516 377 720 436 adsumserunt
741 396 809 436 cum
831 376 974 437 electione
995 386 1025 437 et
1046 395 1115 436 con-

127 494 216 535 sensu
238 485 356 539 sanctae
378 472 519 534 ecclesiae
541 473 636 550 gentis
654 474 816 549 Anglorum
837 472 932 532 uirum
952 473 1064 533 bonum
1084 485 1114 532 et

127 579 229 645 aptum
247 568 429 645 episcopatui
441 569 641 645 presbyterum
656 567 776 628 nomine
788 568 970 644 Vighardum
983 569 1021 627 de
1036 569 1115 627 clero

129 665 295 725 Deusdedit
307 664 446 741 episcopi,
465 674 495 724 et
510 664 589 722 hunc
606 662 765 722 antistitem
779 663 973 723 ordinandum
987 665 1114 722 Romam

9 792 10 819 t
96 759 286 838 5miserunt:
319 759 456 836 quatinus
482 770 605 834 accepto
634 757 697 834 ipse
726 759 818 834 gradu
851 756 1115 833 archiepiscopatus

129 855 288 914 catholicos
308 874 362 931 per
382 875 501 916 omnem
520 854 691 914 Brittaniam
709 853 839 914 ecclesiis
856 855 1019 930 Anglorum
1041 851 1116 912 ordi·

129 969 199 1010 nare
211 960 311 1025 posset
324 949 474 1010 antistites.

188 1047 299 1105 Verum
318 1044 450 1123 Vighard
471 1049 600 1106 Romam
620 1043 803 1123 perueniens,
826 1045 994 1122 priusquam
1016 1064 1117 1105 conse-

128 1141 201 1200 crari
213 1141 245 1200 in
258 1141 459 1219 episcopatum
476 1157 584 1221 posset,
603 1155 696 1204 morte
714 1155 882 1220 praereptus
902 1155 955 1217 est,
974 1155 1004 1204 et
1019 1142 1116 1202 huius·

79 1261 114 1299 10
128 1238 210 1298 modi
222 1239 334 1299 litterae
348 1240 408 1317 regi
421 1241 516 1302 Osuiu
530 1240 701 1300 Brittaniam
714 1241 849 1301 remissae
864 1252 949 1301 sunt:

129 1435 138 1465 ‘
155 1426 361 1550 DOMINO
375 1426 528 1486 excellenti
540 1426 601 1487 filio
615 1425 709 1488 Osuio
722 1425 782 1503 regi
796 1427 942 1486 Saxonum
954 1425 1116 1486 Vitalianus

236 1523 390 1599 episcopus
406 1544 507 1584 seruus
524 1544 675 1584 seruorum
689 1524 745 1584 dei
788 1524 994 1585 desiderabiles
1008 1524 1115 1586 litteras

125 1619 317 1680 excellentiae
330 1632 444 1681 uestrae
457 1621 646 1697 suscepimus,
661 1641 733 1697 quas
750 1623 911 1698 relegentes
925 1620 1117 1698 cognocimus

125 1715 191 1777 eius
201 1717 360 1792 piissimam
371 1718 560 1778 deuotionem
571 1717 873 1794 feruentissimumque
884 1737 1013 1778 amorem
1027 1737 1116 1794 quem

75 1828 109 1888 15
124 1813 216 1872 habet
234 1825 352 1890 propter
370 1816 486 1875 beatam
503 1815 604 1886 uitam,
624 1826 654 1875 et
673 1814 741 1891 quia
757 1820 876 1875 dextera
894 1814 1006 1874 domini
1024 1826 1117 1891 prote·

123 1917 216 1983 gente
229 1908 268 1966 ad
281 1928 381 1968 ueram
395 1921 425 1969 et
441 1910 632 1986 apostolicam
647 1911 738 1970 fidem
752 1910 788 1969 sit
802 1929 969 1983 conuersus,
988 1929 1115 1985 speram,

124 2003 203 2062 sicut
218 2002 247 2062 in
261 2023 313 2064 sua
325 2016 412 2081 gente
429 2017 540 2082 regnat,
559 2006 600 2066 ita
617 2017 647 2067 et
666 2026 734 2066 cum
751 2007 868 2068 Christo
884 2009 922 2068 de
937 2009 1035 2066 futuro
1049 2026 1117 2066 con-

122 2119 256 2176 regnare.
299 2101 454 2161 benedicta
471 2101 557 2178 igitur
571 2121 652 2178 gens,
672 2122 747 2178 quae
765 2104 854 2166 talem
872 2102 1116 2179 sapientissimum

122 2207 157 2256 et
175 2195 226 2264 dei
246 2197 387 2256 cultorem
408 2196 568 2272 promeruit
589 2198 696 2256 habere
717 2217 832 2274 regem:
853 2197 922 2273 quia
940 2215 1001 2256 non
1021 2198 1116 2256 solum

71 2309 109 2347 20
122 2291 190 2368 ipse
219 2290 268 2350 dei
296 2292 390 2350 cultor
415 2291 517 2362 extitit,
545 2293 598 2351 sed
625 2292 714 2351 etiam
741 2311 843 2352 omnes
875 2291 1032 2352 subiectos·
1049 2311 1117 2350 suos

122 2383 285 2444 meditatur
306 2385 354 2444 die
375 2405 411 2444 ac
430 2397 518 2446 nocte
542 2387 581 2446 ad
607 2388 697 2446 fidem
724 2387 896 2446 catholicam
924 2397 1012 2463 atque
1035 2405 1115 2464 apos·

122 2479 247 2541 tolicam
267 2500 321 2556 pro
343 2500 411 2541 suae
433 2481 548 2540 animae
569 2482 751 2542 redemtione
772 2481 912 2542 conuerti.
955 2482 1019 2558 quis
1038 2481 1117 2541 enirn

123 2574 251 2636 audiens
277 2577 351 2635 haec
377 2578 478 2635 suauia
504 2595 565 2634 non
591 2578 735 2636 laetetur?
782 2576 847 2653 quis
871 2596 931 2636 non
956 2578 1073 2636 exultet'
1088 2588 1117 2636 et
1150 2589 1158 2604 ·’

122 2668 255 2746 gaudeat
272 2671 303 2730 in
321 2672 366 2730 his
384 2672 440 2748 piis
458 2671 615 2748 operibus?
657 2671 727 2748 quia
745 2682 774 2732 et
791 2691 863 2748 gens
883 2682 980 2732 uestra
1000 2671 1117 2732 Christo

69 2785 107 2843 25
124 2768 324 2845 omnipotenti
338 2770 395 2827 deo
409 2768 533 2827 eredidit
551 2769 713 2828 secundum
730 2769 896 2827 diuinorum
910 2769 1116 2845 prophetarum

123 2884 227 2938 uoces,
247 2865 321 2924 sicut
339 2866 479 2943 scriptum
497 2875 541 2924 est
562 2865 593 2924 in
612 2865 706 2927 Isaia:
729 2865 785 2924 “in
799 2866 848 2926 die
864 2865 913 2924 illa
931 2867 1013 2925 radix
1027 2869 1115 2938 Iesse,

124 2960 181 3038 qui
193 2971 250 3020 stat
264 2961 294 3019 in
308 2961 423 3037 signum
436 2961 621 3038 populorum,
632 2960 729 3036 ipsum
743 2971 844 3037 gentes
858 2961 1116 3036 deprecabuntur.”

123 3054 291 3116 etiterum:
313 3055 438 3114 “audite
455 3054 575 3127 insulae,
595 3054 746 3114 adtendite
764 3055 865 3132 populi
883 3057 920 3116 de
934 3058 1046 3133 longe.-''
1087 3069 1116 3115 et

122 3162 196 3231 post
216 3154 368 3228 paululum
387 3153 539 3226 “parum'’
555 3150 651 3226 inquit
674 3155 743 3210 “est
762 3162 794 3211 ut
812 3151 884 3210 mihi
902 3151 941 3210 sis
959 3170 1059 3211 seruus
1078 3153 1116 3210 ad

66 3285 107 3340 30
122 3249 310 3310 suscitandas
323 3248 414 3308 tribus
428 3250 519 3308 iacob
533 3259 562 3308 et
576 3250 671 3308 faeces
687 3249 776 3306 Israel
790 3248 1011 3310 conuertendas.
1046 3234 1122 3320 dedif

203 3401 216 3435 ³
231 3403 360 3466 φίποραἰιι
371 3417 416 3452 ms.
451 3402 592 3464 qa'scopatui
601 3401 641 3451 Cl.
773 3399 795 3434 ¹⁰
811 3401 885 3451 'Osuio
895 3415 982 3450 manus
992 3416 1041 3452 sec.

448 3481 469 3515 ¹⁷
485 3490 514 3531 ut
523 3497 609 3531 manus
620 3498 657 3546 pr.
679 3482 739 3530 sicut
749 3497 797 3530 sec.

959 3561 1035 3620 6-2
