2592 3834
158 217 211 274 172
404 221 493 269 arsa·
512 221 560 269 ox
576 219 711 270 sabas
736 221 867 270 uoxxs.
923 203 1140 285 [concrusron

216 345 279 403 ‘De
293 344 496 405 aedificatione
509 345 619 422 templi,
634 345 805 423 allegoricae
822 345 1011 422 expositionis
1025 345 1100 405 sicut
1114 355 1143 404 et

157 447 261 510 cetera,
277 438 367 498 libros
380 438 409 498 ii.

215 535 310 593 ‘Item
323 534 354 593 in
367 554 469 612 regum
483 535 589 594 librum
603 556 660 593 xxx
673 536 888 612 quaestionum.

215 632 269 690 ‘In
282 634 437 707 prouerbia
449 634 615 694 Salomonis
629 634 718 694 libros
731 634 770 694 iii.

118 772 124 783 ,
215 728 270 785 ‘In
283 729 398 788 cantica
411 730 592 791 canticorum
607 730 696 791 libros
710 731 759 791 uii.
1036 729 1041 746 '
1176 753 1192 812 ς

216 825 270 883 ‘In
289 825 398 884 Isaiam
419 826 595 886 Danihelem
616 827 656 885 xii
676 828 832 903 prophetas
853 837 882 886 et
905 836 1017 902 partem
1040 825 1144 886 Hiere-

153 919 230 981 miae
244 921 447 983 distinctiones
460 923 654 1000 capitulorum
673 944 709 984 ex
727 934 851 984 tractatu
869 922 957 983 beati·
967 923 1143 1000 Hieronymi

154 1027 314 1092 excerptas.

217 1115 272 1173 ‘In
286 1116 393 1173 Ezram
406 1125 436 1175 et
452 1115 608 1174 Neemiam
621 1115 710 1175 libros
724 1114 763 1175 iii.

215 1210 270 1268 ‘In
284 1210 432 1268 canticum
447 1211 605 1270 Habacum
618 1212 726 1271 librum
739 1211 757 1270 i.
1159 1239 1194 1278 ro
1268 1251 1270 1254 .

215 1305 270 1362 ‘In
283 1304 389 1363 librum
405 1305 483 1364 beati
503 1305 592 1382 patris
605 1305 719 1366 Tobiae
739 1305 952 1382 explanationis
971 1305 1141 1384 allegoricae

154 1400 193 1458 de
207 1400 324 1460 Christo
338 1411 366 1460 et
380 1401 503 1485 ecclesia
516 1401 622 1462 librum
636 1401 654 1461 i.

215 1499 309 1556 ‘Item
330 1497 457 1573 capitula
475 1498 636 1558 lectionum
657 1498 688 1558 in
708 1509 917 1575 pentateucum
939 1497 1026 1572 Mosi‚
1043 1500 1141 1571 Iosue‚

152 1591 293 1652 iudicum.

215 1690 271 1747 ‘In
286 1687 375 1747 libros
389 1708 489 1765 regum
505 1699 533 1748 et
547 1691 637 1748 uerba
651 1690 773 1750 dierum.
1159 1713 1191 1771 15

178 1831 183 1837 .
215 1788 271 1844 ‘In
284 1785 390 1844 librum
404 1785 482 1844 beati
495 1785 584 1861 patris
599 1786 662 1845 Iob.

215 1882 269 1939 ‘In
283 1881 435 1955 parabolas
449 1880 637 1940 ecclesiasten
651 1891 680 1940 et
694 1881 808 1940 cantica
821 1881 1008 1941 canticorum.

214 1978 269 2034 ‘In
284 1976 391 2034 Isaiam
405 1979 586 2052 prophetam,
602 1980 707 2036 Ezram
722 1996 839 2054 quoque
853 1987 882 2037 et
897 1977 1059 2037 Neemiam.

214 2073 269 2131 ‘In
282 2071 468 2148 euangelium
483 2073 577 2132 Marci
590 2073 680 2132 libros
694 2072 743 2132 iiii.

214 2169 269 2226 ‘In
282 2166 467 2243 euangelium
481 2169 580 2229 Lucae
593 2167 682 2228 libros
694 2167 732 2227 ui.
1156 2193 1192 2230 20

158 2310 160 2312 -
216 2265 416 2344 ‘Omeliaruml
428 2265 573 2341 euangelii
585 2265 675 2325 libros
689 2265 716 2324 ii.

215 2364 269 2421 ‘In
285 2362 451 2436 apostolum
470 2379 674 2436 quaecumque
695 2360 726 2419 in
747 2361 895 2437 opusculis
915 2361 1008 2422 sancti
1029 2364 1141 2438 Augus-

153 2457 207 2518 tini
221 2457 353 2532 exposita
365 2456 466 2516 inueni
480 2468 587 2516 cuncta
600 2478 652 2534 per
665 2458 799 2517 ordinem
813 2459 1018 2519 transscribere
1031 2458 1138 2518 curaui.

215 2553 269 2610 ‘In
282 2562 365 2611 actus
378 2554 577 2628 apostolorum
591 2553 679 2611 libros
694 2552 721 2612 ii.

215 2648 271 2719 ‘In
283 2646 421 2722 epistolas
433 2647 474 2706 uii
488 2648 646 2707 catholicas
660 2649 749 2707 libros
764 2647 899 2726 singulos,
1154 2673 1189 2732 ²5

197 2787 199 2791 .
214 2743 270 2801 ‘In
283 2741 472 2818 apocalypsin
486 2743 578 2802 sancti
593 2742 735 2802 Iohannis
748 2744 837 2803 libros
850 2744 888 2803 iii.

214 2841 309 2899 ‘Item
323 2837 450 2914 capitula
462 2839 623 2898 lectionum
640 2838 672 2898 in
691 2850 787 2901 totum
805 2859 916 2899 nouum
930 2849 1138 2900 testamentum

152 2946 276 3012 excepto
290 2933 451 3010 euangelio.

214 3035 309 3091 ‘Item
326 3030 432 3089 librum
453 3030 640 3107 epistularum
662 3033 701 3092 ad
720 3031 870 3092 diuersos:
891 3051 1014 3108 quarum
1035 3035 1073 3094 de
1088 3055 1137 3095 sex

152 3129 296 3190 aetatibus
319 3127 428 3187 saeculi
448 3147 508 3188 una
529 3139 588 3201 est3
612 3130 651 3188 de
675 3128 875 3188 mansionibus
898 3128 1024 3188 filiorum
1049 3133 1138 3192 Israel
1152 3153 1189 3208 30

152 3247 226 3299 una3
247 3245 305 3283 una
319 3225 356 3284 de
374 3245 410 3285 eo
426 3225 507 3302 quod
527 3224 567 3285 ait
588 3226 692 3286 Isaias:
715 3231 755 3286 ‘et
776 3227 947 3294 claudentur
967 3226 1008 3286 ibi
1029 3227 1059 3287 in
1080 3250 1138 3290 car·

153 3342 250 3383 cerem
264 3333 293 3382 et
307 3333 374 3398 post
388 3322 452 3382 dies
469 3324 578 3382 multos
596 3323 801 3382 uisitabuntur'
807 3345 816 3396 ;
837 3325 874 3384 de
893 3324 1004 3383 ratione
1019 3326 1137 3387 bissexti

153 3439 226 3495 una;
246 3421 285 3482 de
298 3419 486 3497 aequinoctio
500 3419 581 3478 iuxta
593 3419 764 3480 Anatolium
778 3439 844 3480 una.
