2592 3834
128 251 251 335 norun]
272 251 468 316 rammam
482 252 680 312 becrrntab
695 249 895 309 urbanas
906 253 1047 305 naara.
1067 239 1122 312 187

77 466 79 473 y
137 396 250 455 cunctis
268 395 322 454 tibi
337 393 455 453 creditis
468 394 651 470 profuturum
673 376 814 466 quicquid
835 383 975 446 ecelesiae
995 377 1124 459 generali

136 493 269 553 claruerit
282 512 335 569 per
348 491 410 551 eius
422 489 631 566 praestantiam
645 485 842 562 impertitum'

194 593 209 664 5
229 607 267 665 59
308 591 356 646 lta
376 587 436 645 iam
456 585 578 645 celebris
600 593 663 642 erat
684 584 769 654 sama,
794 591 828 640 ut
848 579 880 638 in
903 572 1123 654 quaestionibus

135 683 299 744 enodandis
308 681 455 757 indigeret
465 700 502 740 eo
513 678 676 739 sublimitas
690 679 835 749 Romana,
844 693 902 734 nee
912 691 982 732 uero
993 664 1123 748 unquam

105 781 303 846 5Gallictmus
325 790 423 838 tumor
444 776 556 836 inuenit
576 775 607 833 in
628 775 737 851 Anglo,
757 772 837 848 quod
856 779 990 847 argueret
1009 766 1120 826 merito·

134 878 210 936 adeo
224 875 366 936 Latinitas
381 873 477 934 omnis
494 872 556 932 eius
575 870 645 930 fidei
667 880 697 930 et
710 867 876 945 magisterio
890 867 1018 942 palmam
1032 862 1121 922 dedit

133 993 203 1032 nam
217 985 247 1033 et
258 973 329 1032 fidei
344 991 431 1031 sanae
446 982 476 1030 et
488 969 651 1029 incuriosae
671 967 722 1026 sed
744 964 838 1024 dulcis
856 963 910 1022 suit
927 959 1121 1037 eloquentiae,

133 1068 165 1126 in
187 1069 323 1128 omnibus
344 1067 598 1145 explanationibus
620 1064 784 1124 diuinarum
805 1061 1008 1136 scripturarum
1032 1056 1123 1133 magis

133 1161 184 1220 illa
209 1163 328 1222 rimatus
349 1163 456 1238 quibus
477 1164 569 1220 lector
592 1159 641 1220 dei
665 1158 853 1218 dilectionem
878 1167 907 1215 et
930 1152 1055 1230 proximi
1076 1171 1125 1212 co-

87 1257 255 1331 10hiberet,
283 1277 372 1333 quam
405 1257 456 1316 illa
489 1257 595 1332 quibus
622 1256 671 1314 uel
698 1255 773 1312 sales
800 1251 903 1310 libaret
932 1251 979 1308 uel
1006 1248 1123 1324 linguae

133 1352 297 1428 rubiginem
331 1353 443 1412 limaret
447 1395 598 1410 ............
604 1350 783 1410 emundabat
813 1365 882 1422 ergo
910 1343 1130 1405 ecclesiasticus

134 1461 232 1510 orator
243 1449 324 1525 prius
337 1448 556 1520 conscientiam,
570 1458 603 1505 ut
625 1446 667 1505 sic
689 1445 841 1505 accederet
863 1445 901 1503 ad
915 1442 1123 1502 recludendam

134 1545 323 1623 mysticorum
337 1545 510 1621 scriptorum
523 1541 758 1619 intellegentiam.
794 1541 845 1616 qui
859 1539 938 1599 enim
951 1536 1013 1597 fieri
1026 1548 1124 1613 potest

134 1651 168 1700 ut
189 1642 308 1702 seruiret
329 1641 408 1701 uitiis
431 1641 483 1718 qui
503 1641 647 1700 medullas
670 1637 788 1698 intimas
812 1637 946 1712 hauriret,
972 1636 1023 1713 qui
1046 1646 1123 1696 totas

86 1755 121 1816 15
135 1737 327 1812 cogitationes
357 1747 551 1810 consumeret,
579 1737 611 1795 in
638 1735 851 1811 scripturarum*
870 1733 1123 1810 expositionibus?

134 1854 212 1906 nam,
234 1845 267 1893 ut
289 1833 354 1909 ipse¹
376 1835 482 1892 fatetur
504 1833 536 1892 in
559 1832 634 1892 libro
657 1832 742 1892 tertio
766 1850 854 1913 super
877 1832 1051 1903 Samuelem,
1078 1849 1124 1889 ex·

134 1927 294 2005 positiones
321 1948 400 2001 suae,
429 1928 453 1988 si
479 1948 540 1987 non
568 1927 647 1987 aliud
674 1915 990 1987 afferrent'lectoribus
1015 1928 1123 1987 emolu-

134 2035 275 2096 mentum,
303 2026 362 2084 hoc
389 2023 444 2083 sibi
470 2043 532 2082 non
558 2023 743 2083 mediocriter
769 2025 908 2095 ualerent,
937 2021 1026 2097 quod,
1052 2021 1123 2079 dum

134 2118 208 2176 haec
229 2118 310 2179 omni
329 2119 426 2178 studio
447 2120 562 2194 agebat,
576 2118 720 2177 lubricum
742 2118 851 2178 saeculi
872 2128 902 2176 et
922 2117 1025 2175 inanes
1046 2114 1124 2191 cogi-

86 2242 123 2282 20
135 2214 260 2274 tationes
292 2225 361 2290 post
380 2208 507 2289 ¹tergum
534 2215 682 2290 ponebat:
716 2215 883 2273 defaecatus
916 2213 1015 2289 itaque
1044 2212 1122 2272 uitiis

135 2309 252 2368 subibat
271 2308 302 2367 in
322 2308 459 2368 interiora
471 2308 642 2381 uelaminis3
663 2328 739 2385 quae
753 2308 831 2367 intus
845 2319 999 2383 exceperat
1012 2306 1121 2381 animo,

134 2407 211 2466 foras
225 2407 347 2465 efferens
361 2423 495 2465 sermone
509 2405 658 2480 castigato.

194 2505 258 2576 §62
300 2504 420 2577 Sepulta
440 2511 484 2561 est
504 2521 572 2560 cum
592 2520 629 2560 eo
649 2512 797 2578 gestorum
812 2500 907 2560 omnis
925 2519 1001 2578 pene
1019 2499 1123 2561 notitia

45 2657 49 2662 .
134 2617 228 2674 usque
242 2598 280 2656 ad
293 2609 393 2657 nostra
405 2607 546 2674 tempora
587 2600 664 2658 adeo
677 2600 773 2657 nullus
786 2601 946 2674 Anglorum
961 2597 1122 2659 studiorum

85 2716 120 2774 25
135 2692 198 2752 eius
211 2694 351 2765 aemulus,
364 2694 462 2752 nullus
474 2694 630 2769 gloriarum
644 2693 706 2752 eius
721 2712 831 2769 sequax
849 2691 911 2764 suit,
926 2691 977 2768 qui
996 2693 1122 2754 omissae

134 2781 270 2848 monetae
290 2787 398 2847 lineam
416 2799 654 2864 persequeretur:
678 2788 766 2865 pauci
785 2807 860 2863 quos
881 2807 990 2864 aequus
1010 2788 1122 2850 amauit

135 2887 228 2957 Iesus,
249 2883 384 2960 quamuis
405 2883 506 2943 litteris
528 2903 588 2943 non
605 2883 779 2963 'ignobiliter
799 2882 954 2953 informati,
977 2894 1040 2943 tota
1062 2883 1123 2943 uita

133 2980 278 3056 ingratum
301 2989 544 3055 consumpserunt
567 2978 734 3050 silentium3
763 2976 812 3036 alii
839 2976 1011 3054 uix'primis
1034 2975 1122 3037 labris

92 3120 94 3126 >
132 3075 197 3135 illas
229 3087 389 3152 gustantes,
423 3074 562 3151 ignauum
595 3076 791 3134 confouerunt
823 3073 923 3132 otium.
978 3071 1020 3132 ita
1053 3091 1122 3130 cum

83 3200 122 3257 30
134 3192 249 3249 semper
275 3173 358 3249 pigro
384 3173 554 3231 succederet
580 3170 695 3248 pigrior,
721 3172 814 3230 multo
841 3180 974 3246 tempore
1001 3166 1031 3227 in
1059 3179 1123 3228 tota

132 3270 229 3331 insula
248 3270 410 3331 studiorum
430 3267 561 3344 detepuit
580 3270 683 3327 feruor.
726 3286 864 3344 magnum
885 3265 1019 3342 ignauiae
1042 3264 1122 3325 testi·

132 3365 265 3440 monium
287 3367 399 3425 dabunt
420 3383 519 3424 uersus
541 3363 690 3444 epitaphii,
707 3364 977 3442 pudendi'prorsus
999 3373 1029 3426 et
1048 3365 1122 3426 tanti

131 3457 186 3521 uiri
198 3463 351 3521 mausoleo
365 3459 477 3537 indigni
489 3480 495 3518 :
