2592 3834
166 273 222 314 102
260 287 265 294 ·
305 264 766 345 Arenarsnortrrraonore
786 266 1008 318 PRESJDENT.
1091 247 1150 328 [IV

162 403 286 481 Vynfrid
300 402 454 479 episcopus
467 401 637 480 prouinciae
651 400 836 460 Mereiorum.
872 419 999 474 cumque
1013 397 1043 456 in
1057 417 1148 458 unum

162 498 372 560 conuenientes
398 499 477 558 iuxta
503 499 636 558 ordinem
671 497 779 573 quique
812 517 898 556 suurn
931 497 1147 571 resedissemus,

164 599 181 628 “
190 611 261 669 rogo
270 595 286 622 ''
309 592 438 668 inquam,
464 593 670 653 “dilectissimi
694 585 802 664 fratres,
825 587 944 668 propter
963 590 1098 652 timorem
1119 603 1149 653 et

161 706 292 748 amorem
306 686 476 747 redemtoris
489 687 590 759 nostri,
604 700 636 748 ut
650 688 680 747 in
694 707 850 747 commune
865 707 967 747 ornnes
984 707 1036 764 pro
1050 698 1149 747 nostra

162 785 220 843 fide
234 794 397 857 tractemus,
412 793 453 857 ut,
468 802 602 860 quaeque
617 784 735 844 decreta
747 802 782 842 ac
796 783 915 843 definita
929 794 1028 842 sunta
1041 782 1148 842 sanctis
1181 801 1197 860 5

162 891 193 938 et
213 879 412 955 probabilibus
433 879 572 956 patribus,
588 879 757 968 'incorrupte
776 883 813 942 ab
834 881 969 942 omnibus
987 881 1075 942 nobis
1094 901 1149 942 ser-

162 978 292 1035 uentur.''
332 977 405 1034 haec
426 987 456 1035 et
477 975 534 1035 alia
555 980 728 1053 quamplura
744 998 819 1054 quae
838 979 875 1038 ad
894 979 1043 1040 caritatem
1064 979 1149 1057 perti·

162 1071 272 1128 nebant
302 1068 503 1144 unitatemque
536 1070 678 1131 ecclesiae
711 1074 944 1132 conseruandam
977 1086 1148 1151 prosecutus

163 1183 247 1238 sum3
268 1182 395 1239 cumque
409 1165 570 1240 explessem
584 1166 843 1241 praelocutionem,
858 1165 1033 1244 interrogaui
1046 1189 1149 1228 unum-

163 1278 309 1335 quemque
337 1278 436 1318 eorum
465 1279 519 1335 per
548 1261 690 1334 ordinem,
722 1261 747 1322 si
781 1262 978 1323 consentirent
1011 1282 1046 1323 ea
1072 1279 1199 1340 quae10

162 1375 180 1414 a
198 1355 327 1432 patribus
346 1354 486 1415 canonice
508 1367 575 1415 sunt
596 1357 756 1434 antiquitus
778 1361 895 1419 decreta
912 1358 1066 1419 custodire
1109 1360 1148 1418 ad

162 1440 254 1528 quod¹
271 1470 374 1510 omnes
397 1452 619 1512 consacerdotes
642 1453 733 1512 nostri
760 1455 969 1530 respondentes
996 1453 1148 1514 dixenrnt:

163 1545 301 1622 “optime
325 1545 460 1606 omnibus
487 1549 592 1623 placet,
621 1566 755 1624 quaeque
782 1549 954 1608 definierunt
981 1559 1147 1608 sanctorum

162 1661 289 1701 canones
303 1652 425 1717 patrum,
436 1661 491 1701 nos
501 1661 619 1718 quoque
633 1661 736 1702 omnes
750 1643 836 1702 alacri
849 1643 948 1702 animo
958 1643 1147 1703 libentissime

162 1738 301 1795 seruare.'’
342 1736 446 1812 quibus
468 1736 565 1795 statim
588 1736 695 1812 protuli
722 1738 849 1798 eundem
873 1740 978 1797 librum
999 1756 1147 1796 canonum
1164 1750 1196 1810 15

162 1846 192 1894 et
206 1854 240 1893 ex
254 1834 359 1893 eodem
374 1833 447 1892 libro
460 1853 481 1890 x
494 1833 621 1908 capitula
637 1852 711 1909 quae
730 1853 782 1910 per
800 1836 865 1893 loca
884 1845 1060 1904 notaueram,
1078 1832 1147 1908 quia

162 1931 287 1990 maxime
313 1929 398 1989 nobis
422 1928 585 1988 necessaria
611 1929 749 2002 sciebam,
773 1929 828 1989 illis
855 1949 953 1989 coram
977 1929 1094 1989 ostendi
1117 1939 1147 1991 et

162 2039 195 2087 ut
208 2028 281 2085 haec
295 2024 461 2102 diligentius
474 2027 513 2084 ab
526 2024 663 2085 omnibus
676 2025 890 2103 susciperentur
902 2025 1019 2102 rogaui!

163 2213 389 2337 ‘PRIMVM
411 2211 587 2288 capitulum:
622 2213 691 2270 “Vt
712 2221 845 2270 sanctum
867 2210 946 2270 diem
967 2211 1095 2287 paschae
1115 2212 1146 2272 in

260 2325 415 2366 commune
427 2325 530 2366 omnes
540 2325 689 2366 seruemus
701 2305 848 2366 dominica
859 2318 925 2383 post
938 2307 1033 2366 xiiii²¹¹¹
1046 2309 1145 2369 lunam
1162 2327 1198 2364 20

162 2403 271 2464 mensis
285 2401 395 2479 primi?
908 2407 913 2424 ’

222 2500 423 2560 ‘Secundumr
455 2499 522 2558 “Vt
549 2499 645 2557 nullus
669 2497 873 2574 episcoporum
899 2499 1081 2575 parrochiam
1108 2503 1146 2560 al·

162 2595 250 2657 terius
268 2595 395 2668 inuadat,
414 2595 467 2655 sed
485 2606 640 2654 contentus
658 2595 694 2653 sit
712 2595 923 2670 gubernatione
945 2595 1073 2656 creditae
1091 2595 1147 2656 sibi

160 2693 280 2772 plebis.''

221 2787 388 2849 ‘Tertiumt
423 2791 440 2821 “
448 2790 498 2860 Vt,
529 2805 664 2864 quaeque
690 2787 865 2846 monasteria
892 2788 950 2848 deo
976 2797 1146 2847 consecrata
1160 2805 1174 2841 2
1179 2801 1194 2859 5

160 2895 237 2959 sunt,
261 2883 333 2944 nulli
355 2885 558 2961 episcoporum
579 2883 665 2941 liceat
687 2901 723 2941 ea
743 2881 773 2941 in
792 2882 890 2958 aliquo
908 2882 1068 2959 inquietare
1089 2900 1145 2941 nec

160 2982 317 3059 quicquam
331 2981 369 3041 de
382 2999 483 3041 eorum
496 2982 584 3039 rebus
597 2978 740 3039 uiolenter
753 2981 944 3040 abstrahere.''

221 3079 400 3153 ‘Quartumt
425 3076 488 3134 “Vt
506 3074 562 3150 ipsi
579 3074 716 3134 monachi
738 3094 798 3134 non
820 3074 942 3152 migrent
962 3075 1001 3135 de
1022 3075 1089 3135 loco
1106 3076 1145 3134 ad

161 3174 268 3243 locum,
296 3173 354 3230 hoc
380 3181 425 3232 est
451 3171 489 3230 de
515 3171 693 3230 monasterio
717 3173 755 3231 ad
778 3171 993 3243 monasterium,
1016 3170 1072 3230 nisi
1093 3191 1146 3247 per

160 3266 361 3327 dimissionem
380 3264 489 3342 proprii
507 3266 628 3338 abbatis,
645 3267 699 3326 sed
717 3266 747 3326 in
766 3285 801 3325 ea
818 3277 1009 3343 permaneant
1027 3266 1146 3327 oboedi·
1158 3294 1196 3350 30

161 3362 239 3423 entia
252 3381 341 3439 quam
353 3371 486 3438 tempore
499 3381 569 3422 suae
583 3361 781 3422 conuersionis
795 3360 1014 3438 promiserunt.'’

451 3469 473 3504 ’⁰
488 3474 648 3524 demissionem
660 3489 714 3523 corr
725 3471 750 3523 iu
762 3473 797 3523 di·
809 3488 853 3524 ms.
