2592 3834
174 227 242 289 ‘194
473 227 665 279 Wrraaronr
704 224 885 276 carrrrarr.
1065 204 1176 289 [resur-

183 356 426 419 commentarium
446 359 546 418 Bedae
568 356 599 416 in
622 356 762 434 epistulas
784 356 804 415 d
826 352 910 412 Pauli
929 354 1089 431 genuinum
1110 356 1177 435 (qui

182 475 274 533 penes
288 456 385 533 ipsum
398 452 511 532 manet)
525 456 590 515 luce
604 456 782 515 donaturum
796 478 861 520 esse
875 459 988 520 dudum
1007 456 1175 531 spopondit

185 571 222 612 ne
243 552 357 627 integra
375 550 463 628 igitur
482 552 584 611 Bedae
604 550 714 612 edendi
731 553 823 628 gloria
841 556 905 615 aliis
918 553 1105 628 relinquatur,
1120 552 1178 610 ista

184 650 288 709 saltem
301 648 379 707 illius
392 646 602 708 commentaria
615 648 720 724 Anglis
733 649 860 725 primum
875 653 1012 727 euulgare
1025 649 1120 709 liceat.

245 746 282 803 In
303 745 433 802 curanda
452 741 574 802 istorum
594 745 696 804 Bedae
717 747 838 821 Egberti
861 757 891 807 et
914 745 1064 806 Aldhelmi
1089 765 1178 821 opus·
1213 773 1229 832 5

185 840 317 900 culomm
335 837 466 898 editione
482 856 531 897 me
547 837 689 898 ecclesiae
707 839 889 916 Anglicanae
904 859 1000 915 aeque
1018 859 1053 898 ac
1071 858 1178 899 causae

184 934 340 995 litterariae
369 933 468 994 litasse
494 936 640 1010 profiteor.
693 936 893 1011 grauissimam
921 936 1000 997 enim
1023 937 1110 996 nobis
1136 936 1179 995 in-

185 1028 289 1090 iuriam
308 1028 419 1088 faciunt
440 1028 502 1089 siue
524 1029 614 1088 exteri
634 1030 778 1106 pontificii
799 1050 850 1091 seu
871 1031 1028 1108 indigenae
1041 1030 1178 1106 puritani,

186 1124 238 1202 qui
256 1124 454 1184 sanctissimos
476 1124 618 1183 ecclesiae
631 1126 888 1199 Anglosaxonicae
908 1137 1005 1201 patres
1026 1145 1140 1184 summa
1160 1146 1179 1185 a

184 1221 273 1282 nobis
293 1220 483 1280 ueneratione
504 1218 608 1295 excipi,
631 1222 761 1279 maximo
779 1222 892 1280 honore
912 1220 979 1294 coli,
1001 1222 1050 1280 uel
1070 1232 1179 1297 negant
1195 1240 1234 1279 10

186 1318 235 1375 uel
252 1318 365 1375 nolunt.
407 1316 447 1374 ad
467 1315 665 1375 amoliendam
685 1314 850 1375 istiusmodi
866 1314 1043 1374 calumniam
1063 1315 1177 1375 illorum

187 1416 294 1491 scripta
322 1434 358 1474 eo
385 1412 523 1473 libentius
550 1412 582 1470 in
605 1414 703 1471 lucem
731 1412 853 1485 edimus,
881 1424 914 1472 ut
941 1423 1001 1471 tam
1028 1414 1180 1489 praeclaro

186 1511 356 1572 testimonio
376 1510 441 1570 orbi
461 1508 630 1570 Christiano
655 1520 778 1582 constet,
799 1528 856 1568 nos
873 1528 935 1567 non
955 1508 1043 1567 aliam
1063 1512 1102 1569 ab
1122 1509 1180 1569 illis

186 1611 287 1669 fouere
308 1606 498 1684 religionem
527 1605 648 1665 minime
671 1606 767 1679 aliam,
790 1626 842 1665 seu
863 1605 1026 1666 doctrinam
1049 1606 1181 1666 seu'dis-

187 1704 327 1782 ciplinam
353 1713 478 1779 spectes,
505 1701 684 1762 constituere
711 1702 885 1778 ecclesiam3
915 1722 1013 1779 neque
1036 1702 1125 1761 aliam
1147 1702 1180 1761 in
1197 1728 1233 1785 15

187 1802 276 1861 caelis
296 1800 409 1859 ambire
429 1799 539 1859 sedem.
581 1807 661 1858 certe
674 1797 705 1858 in
720 1799 866 1877 diptychis
880 1799 939 1859 suis
953 1800 1041 1859 sacris
1056 1799 1182 1860 ecclesia

187 1897 351 1973 Anglicana
373 1896 474 1954 Bedae
496 1905 526 1954 et
544 1894 697 1954 Aldhelmi
716 1896 888 1956 memoriam
909 1897 1047 1969 celebrat,
1063 1897 1134 1974 quin
1150 1909 1182 1958 et

187 1995 304 2071 utrique
318 1995 381 2055 dies
394 1995 484 2053 festos
498 1992 690 2053 consecrauit.

646 2243 723 2300 XXI

194 2390 254 2512 IL
274 2386 364 2463 regne
383 2386 457 2444 dans
477 2395 544 2445 tous
562 2387 606 2445 les
623 2383 709 2445 ecrits
726 2385 764 2444 de
784 2385 866 2445 Bede
879 2405 920 2443 un
934 2384 977 2443 air
990 2386 1028 2445 de
1042 2385 1184 2461 candeur,
1202 2418 1238 2456 20

269 2483 307 2542 de
319 2480 399 2559 piete
412 2490 442 2540 et
454 2480 493 2539 de
511 2480 664 2554 modestie,
688 2480 739 2557 qui
759 2481 802 2539 les
822 2481 918 2540 seront
935 2482 1067 2555 toujours
1080 2484 1187 2557 gauter

188 2581 227 2641 de
248 2599 323 2638 ceux
344 2580 395 2654 qui
418 2577 529 2637 aiment
549 2579 577 2636 le
596 2576 657 2636 vrai
682 2588 712 2637 et
735 2578 764 2637 le
791 2578 885 2637 solide
887 2622 1011 2635 ..........
1016 2578 1133 2637 rheteur
1153 2590 1186 2638 et

188 2672 401 2751 grammairien‚
430 2672 511 2731 Bede
538 2672 630 2731 aurait
654 2692 695 2749 pu
723 2692 790 2731 sans
819 2673 909 2731 doute
939 2674 999 2731 etre
1028 2674 1094 2748 plus
1118 2691 1184 2748 pur,

188 2772 256 2846 plus
277 2770 393 2846 elegant
413 2779 444 2828 et
461 2771 528 2845 plus
549 2768 646 2828 chatie
660 2770 734 2829 dans
748 2788 803 2828 son
818 2770 890 2846 style
899 2790 908 2843 3
929 2766 1003 2827 mais
1024 2767 1188 2829 cherchant

189 2864 362 2925 ainstruire
381 2866 448 2939 plus
468 2864 537 2941 qu'a
559 2864 659 2941 plaire,
687 2864 709 2923 il
736 2868 803 2925 s’est
829 2864 1022 2941 uniquement
1048 2865 1142 2925 borne
1165 2866 1240 2954 ‘³²²5

189 2962 217 3019 le
230 2961 335 3019 rendre
350 2958 454 3035 simple
469 2970 498 3019 et
511 2960 582 3018 clair
589 2981 599 3033 3
620 2980 657 3019 en
672 2960 742 3037 quoi
756 2960 777 3019 il
790 2980 808 3019 a
820 2959 919 3020 reussi.

238 3118 260 3153 ²⁹
277 3120 350 3169 Remi
368 3120 469 3169 Ceillier
485 3120 587 3171 histoire
602 3117 717 3186 generale
736 3122 779 3171 des
798 3128 895 3171 auteurs
915 3117 993 3170 saere's
1011 3094 1091 3184 (Paris
1110 3130 1182 3185 1729,

190 3184 428 3245 newed186alxn
442 3188 480 3235 18.
