2592 3834
121 231 260 317 (18)=16]
291 258 422 306 ABBAT
432 259 543 322 Jomr
559 261 637 310 aas
650 263 705 311 Ar·
720 261 807 311 rurs
820 261 950 311 sruou.
1051 257 1103 317 125

551 492 686 576 [xum]

126 637 388 758 INTERERAT
414 636 483 696 huic
509 640 623 715 synodo
655 639 821 715 pariterque
848 638 1008 697 catholicae
1038 635 1107 704 fidei

180 733 297 790 decreta
314 732 447 790 firmabat
464 733 509 790 uir
530 732 705 812 uenerabilis
728 733 875 791 Iohannes
897 730 1108 789 archicantator

120 826 260 886 ecclesiae
284 827 377 885 sancti
403 827 529 903 apostoli
556 830 633 887 Petri
662 839 691 887 et
717 829 808 887 abbas
835 827 1003 886 monasterii
1028 825 1108 886 beati

87 940 103 997 5
122 924 250 996 Martini,
271 925 320 1000 qui
344 945 438 1000 nuper
458 939 578 985 uenerat
605 946 623 985 a
645 928 743 984 Roma
761 944 814 1000 per
835 924 995 983 iussionem
1013 941 1107 999 papae

120 1021 283 1096 Agathonis
307 1023 382 1080 duce
403 1021 636 1080 reuerentissimo
654 1023 761 1080 abbate
784 1020 912 1094 Biscopo
932 1018 1108 1095 cognomine

121 1115 291 1188 Benedict0,
306 1116 388 1175 cuius
402 1136 489 1192 supra
501 1116 695 1176 meminimus.
738 1135 805 1174 cum
825 1115 903 1174 enim
923 1114 1000 1174 idem
1017 1117 1109 1174 Bene·

121 1211 218 1270 dictus
245 1213 452 1272 construxisset
478 1212 687 1272 monasterium
721 1211 879 1271 Brittaniae
907 1211 938 1269 in
965 1212 1108 1271 honorem

120 1295 280 1365 beatissimi
295 1309 494 1384 apostolorum
508 1307 646 1382 principis
660 1307 741 1365 iuxta
752 1306 858 1365 ostium
875 1305 1001 1364 fluminis
1016 1305 1106 1377 Viuri,

68 1417 107 1454 10
123 1401 203 1459 uenit
225 1403 352 1460 Romam
375 1422 443 1460 cum
469 1414 659 1477 cooperatore
683 1421 718 1459 ac
744 1401 825 1460 socio
853 1401 984 1459 eiusdem
1011 1400 1108 1476 operis

121 1497 270 1557 Ceolfrido
291 1499 341 1572 qui
363 1484 430 1574 post
456 1498 552 1574 ipsum
579 1498 709 1557 eiusdem
731 1497 898 1557 monasterii
925 1500 1016 1556 abbas
1043 1497 1106 1569 fuit,

121 1596 203 1670 quod
224 1607 253 1655 et
274 1607 342 1654 ante
366 1595 481 1671 saepius
501 1597 595 1654 facere
616 1606 815 1666 consueuerat,
838 1605 926 1670 atque
948 1594 1108 1654 honorifice

120 1708 140 1746 a
152 1691 256 1748 beatae
271 1689 427 1748 memoriae
442 1709 518 1765 papa
537 1691 693 1765 Agathone
712 1701 864 1773 susceptus
881 1700 944 1750 est:
965 1690 1108 1767 petiitque

121 1797 151 1843 et
165 1785 278 1861 aceepit
291 1788 329 1845 ab
344 1805 389 1858 co,
404 1786 434 1844 in
448 1785 663 1845 munimentum
681 1785 819 1844 libertatis
840 1785 1008 1844 monasterii
1028 1786 1108 1861 quod

71 1898 105 1955 15
121 1881 236 1950 fecerat,
252 1881 406 1955 epistulam
426 1880 569 1956 priuilegii
588 1900 624 1939 ex
642 1880 815 1939 auctoritate
835 1881 997 1956 apostolica
1017 1883 1109 1940 firma-

121 1985 181 2032 tam
191 1995 200 2045 3
229 1975 307 2033 iuxta
331 1977 412 2050 quod
435 1976 602 2052 Ecgfridum
624 1995 722 2052 regem
744 1975 871 2035 uoluisse
899 1995 934 2034 ac
961 1977 1108 2035 licentiam

122 2069 238 2128 dedisse
265 2081 396 2143 nouerat,
424 2090 484 2146 quo
512 2073 693 2130 concedente
721 2083 750 2131 et
777 2071 994 2148 possessionem
1016 2082 1108 2130 terrae

120 2165 260 2241 largiente
274 2167 371 2242 ipsum
385 2169 591 2227 monasterium
607 2171 722 2230 fecerat

181 2264 306 2338 Accepit
340 2274 370 2323 et
396 2267 557 2340 praefatum
586 2267 751 2324 Iohannem
775 2267 913 2325 abbatem
939 2265 1106 2324 Brittaniam

70 2383 109 2420 20
121 2359 351 2433 perducendum,
367 2372 510 2434 quatenus
533 2360 562 2418 in
577 2362 754 2420 monasterio
775 2381 828 2420 suo
848 2380 962 2420 cursum
985 2361 1109 2418 canendi

122 2471 260 2526 annuum,
283 2455 358 2513 sicut
379 2456 418 2512 ad
439 2467 570 2514 sanctum
593 2459 710 2514 Petrum
733 2458 848 2514 Romae
869 2457 1018 2531 agebatuq
1042 2456 1109 2513 edo-

122 2559 218 2608 ceret:
241 2549 357 2624 egitque
370 2551 449 2608 abba
463 2551 613 2608 Iohannes
626 2560 658 2608 ut
673 2549 830 2609 iussionem
850 2561 1003 2625 acceperat
1016 2549 1110 2625 ponti-

122 2643 192 2715 ficis,
208 2652 237 2702 et
251 2644 384 2702 ordinem
399 2644 538 2703 uidelicet
556 2644 703 2721 ritumque
718 2645 843 2705 canendi
862 2664 897 2704 ac
911 2645 1027 2721 legendi
1041 2645 1110 2704 uiua

122 2757 197 2798 uoce
220 2740 340 2816 praefati
366 2739 534 2799 monasterii
561 2752 695 2800 cantores
723 2743 886 2810 edocenda,
915 2753 944 2800 et
972 2761 1008 2800 ea
1034 2760 1109 2817 qnae

71 2859 86 2896 2
89 2854 106 2914 5
122 2833 210 2893 totius
230 2834 300 2892 anni
317 2835 440 2893 circulus
454 2834 485 2892 in
501 2834 698 2894 celebratione
717 2835 830 2894 dierum
851 2839 991 2895 festorum
1010 2855 1110 2911 posce·

121 2931 172 2988 bat
199 2930 287 2988 etiam
313 2929 416 2989 litteris
443 2931 630 2990 mandando:
665 2949 741 3006 quae
769 2931 911 2990 hactenus
939 2929 969 2988 in
1004 2931 1109 2988 eodem

122 3027 298 3085 monasterio
325 3037 440 3084 semata
466 3037 496 3085 et
522 3047 541 3085 a
567 3027 666 3085 multis
693 3026 751 3084 iam
780 3038 848 3087 sunt
882 3026 1109 3102 circumquaque

122 3122 313 3196 transscripta
355 3142 417 3181 non
437 3125 533 3180 solum
554 3133 652 3181 autem
672 3121 751 3180 idem
773 3124 920 3182 Iohannes
941 3120 1031 3198 ipsius
1049 3139 1110 3180 mo

121 3217 239 3276 uasterii
262 3219 362 3276 fratres
383 3218 517 3290 docebat,
537 3236 637 3276 uerum
662 3218 700 3277 de
718 3218 853 3277 omnibus
875 3235 952 3292 pene
977 3215 1109 3275 eiusdem

69 3341 109 3400 30
121 3310 288 3388 prouinciae
315 3313 498 3373 monasteriis
525 3315 563 3372 ad
590 3314 770 3374 audiendum
799 3331 866 3372 eum
893 3309 944 3388 qui
971 3307 1109 3369 cantandi

503 3456 655 3509 ¹XVIms.
