2592 3834
485 526 845 602 TESTIMONIA

662 725 677 784 I

239 872 506 933 ILECTISSIMO
529 870 560 930 in
583 870 702 933 Christo
724 870 873 932 collectori
894 870 1051 933 Cuthwino
1072 873 1163 934 Cuth-

277 969 375 1026 bertus
396 965 615 1043 condiscipulus
633 966 665 1025 in
682 968 740 1027 deo
758 977 906 1027 aeternam
926 970 1058 1030 salutem.
1100 989 1163 1029 mu·

169 1066 326 1124 nusculum
343 1067 427 1142 quod
446 1064 550 1125 misisti
568 1066 694 1123 multum
712 1063 835 1124 libenter
853 1063 961 1141 accepi,
977 1068 1162 1143 multumque
1202 1115 1205 1119 .

169 1169 315 1236 gratanter
320 1158 431 1220 litteras
438 1170 504 1218 tuae
515 1159 641 1218 deuotae
653 1157 823 1218 eruditionis
833 1157 899 1235 legi,
911 1158 942 1217 in
953 1159 1069 1235 quibuS,
1080 1162 1162 1238 quod

170 1253 297 1314 maxime
318 1254 530 1327 desiderabam,
551 1253 656 1313 missas
680 1253 818 1314 uidelicet
838 1263 868 1313 et
890 1253 1041 1314 oraciones
1069 1276 1162 1316 sacro·
1192 1279 1209 1336 5

170 1363 285 1410 sanctas
298 1370 352 1426 pro
367 1353 424 1410 deo
439 1351 547 1410 dilecto
561 1361 643 1427 patre
657 1371 693 1410 ac
706 1350 843 1426 magistro
855 1352 955 1410 Baeda
968 1371 986 1410 a
999 1352 1086 1413 uobis
1100 1354 1162 1413 dili-

170 1457 272 1523 genter
284 1446 423 1506 celebrari
442 1445 564 1522 repperi.
606 1447 686 1505 unde
701 1447 828 1505 delectat
841 1445 933 1522 magis
946 1466 1000 1522 pro
1015 1446 1077 1507 eius
1091 1449 1162 1508 cari·

170 1553 239 1612 tate,
261 1561 350 1618 quam
376 1544 466 1601 fretus
489 1541 617 1616 ingenio,
640 1540 742 1617 paucis
767 1541 950 1601 sermonibus
970 1541 1077 1616 dicere,
1100 1563 1161 1620 quo

170 1636 273 1696 ordine
282 1635 422 1712 ,migraret
440 1655 458 1695 a
476 1638 602 1709 saeculo,
618 1655 686 1694 cum
704 1635 792 1696 etiam
809 1637 867 1695 hoc
884 1646 914 1696 te
930 1636 1112 1697 desiderasse
1131 1650 1161 1698 et

170 1729 340 1805 poposcisse
353 1729 489 1790 intellexi.
518 1742 654 1805 grauatus
668 1741 713 1790 est
726 1730 847 1806 quidem
860 1730 1026 1792 infirmitate
1040 1743 1070 1792 et
1083 1753 1161 1792 max-
1175 1758 1212 1797 10

170 1827 230 1886 ime
243 1826 408 1886 creberrimi
422 1825 574 1899 anhelitus,
590 1828 643 1885 sed
657 1836 757 1885 tamen
770 1845 847 1902 pene
861 1826 924 1886 sine
937 1827 1035 1903 aliquo
1050 1829 1161 1903 dolore,

170 1933 239 1980 ante
257 1921 337 1980 diem
351 1934 449 1980 autem
468 1920 683 1991 resurrectionis
698 1920 855 1994 dominice,
870 1920 901 1981 id
916 1923 1032 1982 estsere
1046 1923 1160 1988 duabus

170 2018 386 2078 ebdomadibus
391 2039 401 2092 3
414 2028 444 2077 et
458 2017 500 2078 sic
510 2029 613 2094 postea
626 2020 701 2077 letus
712 2029 741 2076 et
751 2020 882 2092 gaudens
893 2018 1062 2095 graciasque
1071 2040 1161 2098 agens

170 2115 365 2192 omnipotenti
388 2117 447 2175 deo
468 2113 551 2174 omni
572 2113 621 2173 die
643 2125 673 2173 et
693 2124 790 2186 nocte,
811 2113 904 2174 immo
924 2115 1003 2174 horis
1023 2117 1160 2177 omnibus

170 2231 264 2287 usque
277 2213 317 2270 ad
328 2211 407 2271 diem
417 2209 598 2270 ascensionis
608 2209 784 2281 dominicae,
796 2209 828 2268 id
842 2221 887 2270 est
897 2210 938 2270 uii
951 2211 982 2271 id
996 2221 1055 2272 mai
1069 2214 1160 2273 uitam
1176 2239 1212 2300 15

170 2307 306 2379 ducebat,
321 2317 351 2366 et
370 2305 456 2366 nobis
474 2304 534 2364 suis
553 2303 705 2380 discipulis
722 2303 843 2364 cottidie
856 2305 1003 2365 lecciones
1017 2308 1116 2381 dabat,
1132 2320 1161 2369 et

171 2400 316 2477 quidquid
325 2399 469 2476 reliquum
481 2399 534 2458 fuit
546 2398 605 2458 diei
615 2398 646 2457 in
657 2400 837 2475 psalmorum
848 2410 943 2473 cantu,
956 2411 1041 2476 prout
1055 2403 1160 2478 potuit,

171 2516 203 2556 se
224 2498 388 2573 occupabat
395 2519 405 2572 ,·
430 2508 522 2556 totam
544 2481 615 2555 uero
638 2507 757 2554 noctem
781 2496 858 2555 letus
876 2495 907 2554 in
926 2497 1113 2558 oracionibus
1131 2511 1161 2560 et

169 2592 331 2669 graciarum
346 2593 467 2652 accione
482 2595 539 2653 deo
554 2594 661 2652 ducere
676 2592 813 2652 studebat
827 2591 884 2651 nisi
897 2603 1012 2652 tantum
1026 2595 1162 2657 modicus

171 2706 292 2747 somnus
306 2687 468 2763 impediret.
497 2688 627 2764 itemque
641 2700 741 2748 autem
755 2688 895 2766 euigilans
910 2690 1007 2749 statim
1021 2705 1163 2753 consueta
1176 2726 1216 2764 20

171 2785 376 2861 scripturarum
400 2784 601 2844 modulamina
627 2784 793 2844 ruminabat
817 2785 1002 2862 extensisque
1026 2789 1162 2850 manibus

171 2881 229 2940 deo
243 2879 347 2955 gratias
361 2899 446 2956 agere
460 2899 522 2939 non
535 2891 580 2938 est
593 2880 710 2941 oblitus,
742 2899 812 2940 uere
824 2882 917 2939 fateor
930 2881 999 2957 quia
1013 2883 1162 2943 neminem

171 2995 302 3052 unquam
325 2976 415 3034 alium
439 2976 532 3037 oculis
556 2976 630 3036 meis
656 2975 720 3036 uidi
747 2995 803 3036 nec
829 2977 947 3036 auribus
970 2978 1079 3052 audiui,
1101 2991 1161 3040 tam

172 3074 325 3151 diligenter
334 3073 445 3150 gracias
456 3074 514 3133 deo
525 3073 595 3132 uiuo
606 3075 718 3132 referre.
741 3092 759 3132 o
770 3093 839 3132 uere
850 3075 952 3133 beatus
963 3074 1008 3134 uir
1019 3079 1024 3134 l
1039 3079 1163 3137 canebat

171 3183 270 3230 autem
297 3169 478 3230 sentenciam
502 3169 595 3228 sancti
619 3169 703 3229 Pauli
725 3170 852 3246 apostoli
879 3170 1004 3232 dicentis
1030 3174 1215 3261 ‘horren-25

172 3271 244 3328 dum
265 3280 309 3328 est
329 3268 459 3327 incidere
479 3267 509 3327 in
530 3288 634 3327 manus
653 3269 702 3329 dei
723 3269 862 3329 uiuentis'
883 3281 914 3329 et
934 3272 1027 3330 multa
1046 3272 1103 3332 alia
1124 3275 1163 3333 de

220 3387 230 3418 ¹
246 3386 257 3416 ¹
272 3387 553 3436 dilectissimo...salutem
570 3395 614 3436 not
630 3387 657 3436 in
674 3399 754 3438 cculv
768 3387 813 3439 but
829 3387 929 3452 ‘incipit
943 3388 975 3438 de
988 3388 1127 3439 ualetudine
1138 3397 1164 3440 et

172 3451 242 3500 obitu
252 3452 398 3501 uenerabilis
410 3451 478 3501 Beda
489 3449 641 3516 presbyteri!
