<?xml version="1.0" encoding="UTF-8"?>
<!DOCTYPE html PUBLIC "-//W3C//DTD XHTML 1.0 Transitional//EN"
    "http://www.w3.org/TR/xhtml1/DTD/xhtml1-transitional.dtd">
<html xmlns="http://www.w3.org/1999/xhtml" xml:lang="en" lang="en">
 <head>
  <title>
</title>
<meta http-equiv="Content-Type" content="text/html;charset=utf-8" />
  <meta name='ocr-system' content='tesseract 3.04.00' />
  <meta name='ocr-capabilities' content='ocr_page ocr_carea ocr_par ocr_line ocrx_word'/>
</head>
<body>
  <div class='ocr_page' id='page_1' title='image "./historiaeeccles00lumbgoog_0132.png"; bbox 0 0 2592 3834; ppageno 0'>
   <div class='ocr_carea' id='block_1_1' title="bbox 191 242 1176 326">
    <p class='ocr_par' dir='ltr' id='par_1_1' title="bbox 191 242 1176 326">
     <span class='ocr_line' id='line_1_1' title="bbox 191 242 1176 326; baseline 0.009 -21"><span class='ocrx_word' id='word_1_1' title='bbox 191 246 247 304; x_wconf 87' lang='lat'><strong>108</strong></span> <span class='ocrx_word' id='word_1_2' title='bbox 271 262 463 312; x_wconf 68' lang='lat' dir='ltr'><strong>arnamar</strong></span> <span class='ocrx_word' id='word_1_3' title='bbox 474 263 531 313; x_wconf 73' lang='lat' dir='ltr'><strong>Ar</strong></span> <span class='ocrx_word' id='word_1_4' title='bbox 545 263 620 313; x_wconf 75' lang='lat' dir='ltr'><strong>rna</strong></span> <span class='ocrx_word' id='word_1_5' title='bbox 635 263 773 312; x_wconf 67' lang='lat' dir='ltr'><strong>narrar</strong></span> <span class='ocrx_word' id='word_1_6' title='bbox 786 263 835 313; x_wconf 75' lang='lat' dir='ltr'><strong>oa</strong></span> <span class='ocrx_word' id='word_1_7' title='bbox 845 262 1095 314; x_wconf 63' lang='lat' dir='ltr'><strong>nazarenorum</strong></span> <span class='ocrx_word' id='word_1_8' title='bbox 1118 242 1176 326; x_wconf 88' lang='lat' dir='ltr'><strong>[IV</strong></span> 
     </span>
    </p>
   </div>
   <div class='ocr_carea' id='block_1_2' title="bbox 658 504 705 561">
    <p class='ocr_par' dir='ltr' id='par_1_2' title="bbox 658 504 705 561">
     <span class='ocr_line' id='line_1_2' title="bbox 658 504 705 561; baseline -0.021 0"><span class='ocrx_word' id='word_1_9' title='bbox 658 504 705 561; x_wconf 94' lang='lat' dir='ltr'><strong>IX</strong></span> 
     </span>
    </p>
   </div>
   <div class='ocr_carea' id='block_1_3' title="bbox 183 663 1237 1414">
    <p class='ocr_par' dir='ltr' id='par_1_3' title="bbox 188 663 1237 792">
     <span class='ocr_line' id='line_1_3' title="bbox 188 663 1237 792; baseline 0.002 -66"><span class='ocrx_word' id='word_1_10' title='bbox 188 663 308 792; x_wconf 75' lang='lat' dir='ltr'><strong>CVM</strong></span> <span class='ocrx_word' id='word_1_11' title='bbox 323 677 422 727; x_wconf 85' lang='lat' dir='ltr'><strong>autem</strong></span> <span class='ocrx_word' id='word_1_12' title='bbox 436 676 466 727; x_wconf 92' lang='lat' dir='ltr'><strong>et</strong></span> <span class='ocrx_word' id='word_1_13' title='bbox 480 664 544 744; x_wconf 91' lang='lat' dir='ltr'><strong>ipsa</strong></span> <span class='ocrx_word' id='word_1_14' title='bbox 556 676 651 726; x_wconf 90' lang='lat' dir='ltr'><strong>mater</strong></span> <span class='ocrx_word' id='word_1_15' title='bbox 663 664 713 742; x_wconf 91' lang='lat' dir='ltr'><strong>pia</strong></span> <span class='ocrx_word' id='word_1_16' title='bbox 726 665 783 726; x_wconf 91' lang='lat' dir='ltr'><strong>deo</strong></span> <span class='ocrx_word' id='word_1_17' title='bbox 797 665 924 726; x_wconf 89' lang='lat' dir='ltr'><strong>deuotae</strong></span> <span class='ocrx_word' id='word_1_18' title='bbox 937 664 1173 744; x_wconf 85' lang='lat' dir='ltr'><strong>congregationis</strong></span> <span class='ocrx_word' id='word_1_19' title='bbox 1235 685 1237 690; x_wconf 78' lang='grc'>’</span> 
     </span>
    </p>

    <p class='ocr_par' dir='ltr' id='par_1_4' title="bbox 183 760 1234 1414">
     <span class='ocr_line' id='line_1_4' title="bbox 263 760 1171 838; baseline 0.003 -18"><span class='ocrx_word' id='word_1_20' title='bbox 263 761 442 838; x_wconf 85' lang='lat' dir='ltr'><strong>Aedilburga</strong></span> <span class='ocrx_word' id='word_1_21' title='bbox 462 772 540 822; x_wconf 88' lang='lat' dir='ltr'><strong>esset</strong></span> <span class='ocrx_word' id='word_1_22' title='bbox 565 760 708 837; x_wconf 87' lang='lat' dir='ltr'><strong>rapienda</strong></span> <span class='ocrx_word' id='word_1_23' title='bbox 731 761 769 820; x_wconf 87' lang='lat' dir='ltr'><strong>de</strong></span> <span class='ocrx_word' id='word_1_24' title='bbox 791 761 913 834; x_wconf 89' lang='lat' dir='ltr'><strong>mundo,</strong></span> <span class='ocrx_word' id='word_1_25' title='bbox 935 762 1070 838; x_wconf 90' lang='lat' dir='ltr'><strong>apparuit</strong></span> <span class='ocrx_word' id='word_1_26' title='bbox 1095 761 1171 823; x_wconf 89' lang='lat' dir='ltr'><strong>nisio</strong></span> 
     </span>
     <span class='ocr_line' id='line_1_5' title="bbox 185 855 1190 934; baseline 0.001 -19"><span class='ocrx_word' id='word_1_27' title='bbox 185 855 319 916; x_wconf 89' lang='lat' dir='ltr'><strong>miranda</strong></span> <span class='ocrx_word' id='word_1_28' title='bbox 340 855 457 915; x_wconf 87' lang='lat' dir='ltr'><strong>cuidam</strong></span> <span class='ocrx_word' id='word_1_29' title='bbox 485 857 523 916; x_wconf 91' lang='lat' dir='ltr'><strong>de</strong></span> <span class='ocrx_word' id='word_1_30' title='bbox 549 857 695 916; x_wconf 89' lang='lat' dir='ltr'><strong>sororibus</strong></span> <span class='ocrx_word' id='word_1_31' title='bbox 722 855 770 916; x_wconf 90' lang='lat' dir='ltr'><strong>cui</strong></span> <span class='ocrx_word' id='word_1_32' title='bbox 796 875 907 916; x_wconf 91' lang='lat' dir='ltr'><strong>nomen</strong></span> <span class='ocrx_word' id='word_1_33' title='bbox 929 868 990 916; x_wconf 90' lang='lat' dir='ltr'><strong>erat</strong></span> <span class='ocrx_word' id='word_1_34' title='bbox 1014 857 1190 934; x_wconf 71' lang='lat' dir='ltr'><strong>Torctgyd,&#39;</strong></span> 
     </span>
     <span class='ocr_line' id='line_1_6' title="bbox 185 951 1221 1030; baseline 0.003 -21"><span class='ocrx_word' id='word_1_35' title='bbox 185 969 261 1027; x_wconf 90' lang='lat' dir='ltr'><strong>quae</strong></span> <span class='ocrx_word' id='word_1_36' title='bbox 275 951 373 1012; x_wconf 92' lang='lat' dir='ltr'><strong>multis</strong></span> <span class='ocrx_word' id='word_1_37' title='bbox 394 952 452 1010; x_wconf 86' lang='lat' dir='ltr'><strong>iam</strong></span> <span class='ocrx_word' id='word_1_38' title='bbox 469 951 554 1011; x_wconf 89' lang='lat' dir='ltr'><strong>annis</strong></span> <span class='ocrx_word' id='word_1_39' title='bbox 574 952 605 1011; x_wconf 92' lang='lat' dir='ltr'><strong>in</strong></span> <span class='ocrx_word' id='word_1_40' title='bbox 624 953 731 1012; x_wconf 90' lang='lat' dir='ltr'><strong>eodem</strong></span> <span class='ocrx_word' id='word_1_41' title='bbox 749 951 926 1012; x_wconf 84' lang='lat' dir='ltr'><strong>monasterio</strong></span> <span class='ocrx_word' id='word_1_42' title='bbox 945 964 1124 1013; x_wconf 84' lang='lat' dir='ltr'><strong>commorata</strong></span> <span class='ocrx_word' id='word_1_43' title='bbox 1141 963 1172 1012; x_wconf 89' lang='lat' dir='ltr'><strong>et</strong></span> <span class='ocrx_word' id='word_1_44' title='bbox 1204 970 1221 1030; x_wconf 81' lang='lat'><strong>5</strong></span> 
     </span>
     <span class='ocr_line' id='line_1_7' title="bbox 184 1045 1171 1125; baseline 0.005 -21"><span class='ocrx_word' id='word_1_45' title='bbox 184 1045 249 1123; x_wconf 88' lang='lat' dir='ltr'><strong>ipsa</strong></span> <span class='ocrx_word' id='word_1_46' title='bbox 262 1066 377 1125; x_wconf 88' lang='lat' dir='ltr'>semper</span> <span class='ocrx_word' id='word_1_47' title='bbox 394 1046 425 1106; x_wconf 91' lang='lat' dir='ltr'><strong>in</strong></span> <span class='ocrx_word' id='word_1_48' title='bbox 443 1048 526 1107; x_wconf 88' lang='lat' dir='ltr'><strong>omni</strong></span> <span class='ocrx_word' id='word_1_49' title='bbox 546 1047 709 1107; x_wconf 90' lang='lat' dir='ltr'><strong>humilitate</strong></span> <span class='ocrx_word' id='word_1_50' title='bbox 732 1067 769 1106; x_wconf 90' lang='lat' dir='ltr'><strong>ac</strong></span> <span class='ocrx_word' id='word_1_51' title='bbox 792 1047 957 1109; x_wconf 81' lang='lat' dir='ltr'><strong>sinceritate</strong></span> <span class='ocrx_word' id='word_1_52' title='bbox 981 1050 1040 1109; x_wconf 90' lang='lat' dir='ltr'><strong>deo</strong></span> <span class='ocrx_word' id='word_1_53' title='bbox 1064 1048 1171 1110; x_wconf 90' lang='lat' dir='ltr'><strong>seruire</strong></span> 
     </span>
     <span class='ocr_line' id='line_1_8' title="bbox 184 1143 1172 1222; baseline 0 -18"><span class='ocrx_word' id='word_1_54' title='bbox 184 1145 336 1220; x_wconf 86' lang='lat' dir='ltr'><strong>satagebat</strong></span> <span class='ocrx_word' id='word_1_55' title='bbox 363 1155 393 1204; x_wconf 90' lang='lat' dir='ltr'><strong>et</strong></span> <span class='ocrx_word' id='word_1_56' title='bbox 421 1144 547 1205; x_wconf 85' lang='lat' dir='ltr'><strong>adiutrix</strong></span> <span class='ocrx_word' id='word_1_57' title='bbox 579 1144 753 1221; x_wconf 85' lang='lat' dir='ltr'><strong>disciplinae</strong></span> <span class='ocrx_word' id='word_1_58' title='bbox 785 1145 922 1222; x_wconf 82' lang='lat' dir='ltr'><strong>regularis</strong></span> <span class='ocrx_word' id='word_1_59' title='bbox 957 1144 1054 1205; x_wconf 91' lang='lat' dir='ltr'><strong>eidem</strong></span> <span class='ocrx_word' id='word_1_60' title='bbox 1086 1143 1172 1205; x_wconf 90' lang='lat' dir='ltr'><strong>matri</strong></span> 
     </span>
     <span class='ocr_line' id='line_1_9' title="bbox 183 1240 1234 1318; baseline 0.001 -17"><span class='ocrx_word' id='word_1_61' title='bbox 183 1241 306 1302; x_wconf 85' lang='lat' dir='ltr'><strong>existere</strong></span> <span class='ocrx_word' id='word_1_62' title='bbox 333 1242 460 1302; x_wconf 93' lang='lat' dir='ltr'><strong>minores</strong></span> <span class='ocrx_word' id='word_1_63' title='bbox 482 1242 619 1302; x_wconf 90' lang='lat' dir='ltr'><strong>docendo</strong></span> <span class='ocrx_word' id='word_1_64' title='bbox 646 1242 694 1300; x_wconf 88' lang='lat' dir='ltr'><strong>uel</strong></span> <span class='ocrx_word' id='word_1_65' title='bbox 718 1240 889 1318; x_wconf 82' lang='lat' dir='ltr'><strong>castigando</strong></span> <span class='ocrx_word' id='word_1_66' title='bbox 916 1243 1044 1300; x_wconf 88' lang='lat' dir='ltr'><strong>curabat</strong></span> <span class='ocrx_word' id='word_1_67' title='bbox 1087 1241 1170 1302; x_wconf 93' lang='lat' dir='ltr'><strong>cuius</strong></span> <span class='ocrx_word' id='word_1_68' title='bbox 1231 1304 1234 1310; x_wconf 70' lang='grc'><em>,</em></span> 
     </span>
     <span class='ocr_line' id='line_1_10' title="bbox 183 1335 1172 1414; baseline 0 -17"><span class='ocrx_word' id='word_1_69' title='bbox 183 1347 216 1397; x_wconf 91' lang='lat' dir='ltr'><strong>ut</strong></span> <span class='ocrx_word' id='word_1_70' title='bbox 229 1336 320 1397; x_wconf 90' lang='lat' dir='ltr'><strong>uirtus</strong></span> <span class='ocrx_word' id='word_1_71' title='bbox 334 1336 413 1405; x_wconf 70' lang='lat' dir='ltr'><strong>iuxta</strong></span> <span class='ocrx_word' id='word_1_72' title='bbox 425 1338 592 1414; x_wconf 90' lang='lat' dir='ltr'><strong>apostolum</strong></span> <span class='ocrx_word' id='word_1_73' title='bbox 605 1335 636 1394; x_wconf 95' lang='lat' dir='ltr'><strong>in</strong></span> <span class='ocrx_word' id='word_1_74' title='bbox 651 1336 816 1397; x_wconf 90' lang='lat' dir='ltr'><strong>infirmitate</strong></span> <span class='ocrx_word' id='word_1_75' title='bbox 830 1338 1023 1414; x_wconf 87' lang='lat' dir='ltr'><strong>perficeretur,</strong></span> <span class='ocrx_word' id='word_1_76' title='bbox 1036 1349 1113 1397; x_wconf 89' lang='lat' dir='ltr'><strong>tacta</strong></span> <span class='ocrx_word' id='word_1_77' title='bbox 1127 1348 1172 1397; x_wconf 93' lang='lat' dir='ltr'><strong>est</strong></span> 
     </span>
    </p>
   </div>
   <div class='ocr_carea' id='block_1_4' title="bbox 107 1529 1218 3427">
    <p class='ocr_par' dir='ltr' id='par_1_5' title="bbox 107 1529 1218 3427">
     <span class='ocr_line' id='line_1_11' title="bbox 181 1529 1169 1606; baseline 0.001 -18"><span class='ocrx_word' id='word_1_78' title='bbox 181 1529 353 1589; x_wconf 85' lang='lat' dir='ltr'><strong>redemtoris</strong></span> <span class='ocrx_word' id='word_1_79' title='bbox 372 1529 463 1588; x_wconf 87' lang='lat' dir='ltr'><strong>nostri</strong></span> <span class='ocrx_word' id='word_1_80' title='bbox 479 1529 647 1606; x_wconf 89' lang='lat' dir='ltr'><strong>prouisione</strong></span> <span class='ocrx_word' id='word_1_81' title='bbox 667 1531 793 1590; x_wconf 90' lang='lat' dir='ltr'><strong>multum</strong></span> <span class='ocrx_word' id='word_1_82' title='bbox 811 1531 948 1606; x_wconf 85' lang='lat' dir='ltr'><strong>fatigata:</strong></span> <span class='ocrx_word' id='word_1_83' title='bbox 969 1531 1107 1592; x_wconf 90' lang='lat' dir='ltr'><strong>uidelicet</strong></span> <span class='ocrx_word' id='word_1_84' title='bbox 1127 1541 1169 1606; x_wconf 89' lang='lat' dir='ltr'><strong>ut,</strong></span> 
     </span>
     <span class='ocr_line' id='line_1_12' title="bbox 182 1624 1169 1704; baseline 0.006 -22"><span class='ocrx_word' id='word_1_85' title='bbox 182 1624 323 1700; x_wconf 87' lang='lat' dir='ltr'><strong>quicquid</strong></span> <span class='ocrx_word' id='word_1_86' title='bbox 336 1624 366 1685; x_wconf 91' lang='lat' dir='ltr'><strong>in</strong></span> <span class='ocrx_word' id='word_1_87' title='bbox 381 1645 418 1685; x_wconf 87' lang='lat' dir='ltr'><strong>ea</strong></span> <span class='ocrx_word' id='word_1_88' title='bbox 430 1625 493 1684; x_wconf 91' lang='lat' dir='ltr'><strong>uitii</strong></span> <span class='ocrx_word' id='word_1_89' title='bbox 507 1625 684 1690; x_wconf 82' lang='lat' dir='ltr'><strong>sordidantis</strong></span> <span class='ocrx_word' id='word_1_90' title='bbox 698 1625 773 1687; x_wconf 89' lang='lat' dir='ltr'><strong>inter</strong></span> <span class='ocrx_word' id='word_1_91' title='bbox 786 1625 906 1686; x_wconf 90' lang='lat' dir='ltr'><strong>uirtutes</strong></span> <span class='ocrx_word' id='word_1_92' title='bbox 914 1645 967 1703; x_wconf 91' lang='lat' dir='ltr'><strong>per</strong></span> <span class='ocrx_word' id='word_1_93' title='bbox 974 1627 1169 1704; x_wconf 87' lang='lat' dir='ltr'><strong>ignorantiam</strong></span> 
     </span>
     <span class='ocr_line' id='line_1_13' title="bbox 181 1720 1170 1794; baseline 0.006 -16"><span class='ocrx_word' id='word_1_94' title='bbox 181 1721 230 1780; x_wconf 90' lang='lat' dir='ltr'><strong>uel</strong></span> <span class='ocrx_word' id='word_1_95' title='bbox 250 1720 392 1780; x_wconf 89' lang='lat' dir='ltr'><strong>incuriam</strong></span> <span class='ocrx_word' id='word_1_96' title='bbox 412 1721 575 1794; x_wconf 86' lang='lat' dir='ltr'><strong>resedisset,</strong></span> <span class='ocrx_word' id='word_1_97' title='bbox 591 1734 685 1782; x_wconf 90' lang='lat' dir='ltr'><strong>totum</strong></span> <span class='ocrx_word' id='word_1_98' title='bbox 707 1724 765 1783; x_wconf 91' lang='lat' dir='ltr'><strong>hoc</strong></span> <span class='ocrx_word' id='word_1_99' title='bbox 784 1724 914 1783; x_wconf 88' lang='lat' dir='ltr'><strong>caminus</strong></span> <span class='ocrx_word' id='word_1_100' title='bbox 933 1724 1063 1784; x_wconf 87' lang='lat' dir='ltr'><strong>diutinae</strong></span> <span class='ocrx_word' id='word_1_101' title='bbox 1081 1725 1170 1786; x_wconf 90' lang='lat' dir='ltr'><strong>tribu·</strong></span> 
     </span>
     <span class='ocr_line' id='line_1_14' title="bbox 181 1815 1168 1895; baseline 0.008 -23"><span class='ocrx_word' id='word_1_102' title='bbox 181 1815 298 1875; x_wconf 91' lang='lat' dir='ltr'><strong>lationis</strong></span> <span class='ocrx_word' id='word_1_103' title='bbox 320 1829 506 1894; x_wconf 83' lang='lat' dir='ltr'><strong>excoqueret</strong></span> <span class='ocrx_word' id='word_1_104' title='bbox 548 1819 623 1877; x_wconf 90' lang='lat' dir='ltr'><strong>haec</strong></span> <span class='ocrx_word' id='word_1_105' title='bbox 644 1836 714 1894; x_wconf 88' lang='lat' dir='ltr'><strong>ergo</strong></span> <span class='ocrx_word' id='word_1_106' title='bbox 741 1819 869 1894; x_wconf 90' lang='lat' dir='ltr'><strong>quadam</strong></span> <span class='ocrx_word' id='word_1_107' title='bbox 894 1830 983 1879; x_wconf 90' lang='lat' dir='ltr'><strong>nocte</strong></span> <span class='ocrx_word' id='word_1_108' title='bbox 1010 1817 1168 1895; x_wconf 84' lang='lat' dir='ltr'><strong>incipiente</strong></span> 
     </span>
     <span class='ocr_line' id='line_1_15' title="bbox 181 1913 1217 1994; baseline 0.003 -24"><span class='ocrx_word' id='word_1_109' title='bbox 181 1914 353 1994; x_wconf 79' lang='lat' dir='ltr'><strong>crepusculo</strong></span> <span class='ocrx_word' id='word_1_110' title='bbox 367 1932 482 1990; x_wconf 86' lang='lat' dir='ltr'><strong>egressa</strong></span> <span class='ocrx_word' id='word_1_111' title='bbox 495 1913 534 1973; x_wconf 90' lang='lat' dir='ltr'><strong>de</strong></span> <span class='ocrx_word' id='word_1_112' title='bbox 547 1913 684 1973; x_wconf 89' lang='lat' dir='ltr'><strong>cubiculo</strong></span> <span class='ocrx_word' id='word_1_113' title='bbox 698 1932 758 1990; x_wconf 92' lang='lat' dir='ltr'><strong>quo</strong></span> <span class='ocrx_word' id='word_1_114' title='bbox 772 1915 919 1986; x_wconf 87' lang='lat' dir='ltr'><strong>manebat,</strong></span> <span class='ocrx_word' id='word_1_115' title='bbox 928 1913 1002 1974; x_wconf 91' lang='lat' dir='ltr'><strong>uidit</strong></span> <span class='ocrx_word' id='word_1_116' title='bbox 1015 1913 1167 1975; x_wconf 81' lang='lat' dir='ltr'><strong>manifeste</strong></span> <span class='ocrx_word' id='word_1_117' title='bbox 1182 1931 1217 1991; x_wconf 82' lang='lat'><strong>15</strong></span> 
     </span>
     <span class='ocr_line' id='line_1_16' title="bbox 181 2006 1168 2086; baseline 0.002 -20"><span class='ocrx_word' id='word_1_118' title='bbox 181 2006 264 2084; x_wconf 88' lang='lat' dir='ltr'><strong>quasi</strong></span> <span class='ocrx_word' id='word_1_119' title='bbox 283 2027 390 2086; x_wconf 91' lang='lat' dir='ltr'><strong>corpus</strong></span> <span class='ocrx_word' id='word_1_120' title='bbox 410 2008 547 2081; x_wconf 90' lang='lat' dir='ltr'><strong>hominis,</strong></span> <span class='ocrx_word' id='word_1_121' title='bbox 567 2011 648 2086; x_wconf 93' lang='lat' dir='ltr'><strong>quod</strong></span> <span class='ocrx_word' id='word_1_122' title='bbox 669 2019 746 2068; x_wconf 91' lang='lat' dir='ltr'><strong>esset</strong></span> <span class='ocrx_word' id='word_1_123' title='bbox 766 2010 828 2068; x_wconf 93' lang='lat' dir='ltr'><strong>sole</strong></span> <span class='ocrx_word' id='word_1_124' title='bbox 848 2009 960 2081; x_wconf 86' lang='lat' dir='ltr'><strong>clarius,</strong></span> <span class='ocrx_word' id='word_1_125' title='bbox 983 2008 1107 2068; x_wconf 87' lang='lat' dir='ltr'><strong>sindone</strong></span> <span class='ocrx_word' id='word_1_126' title='bbox 1127 2009 1168 2068; x_wconf 91' lang='lat' dir='ltr'><strong>in·</strong></span> 
     </span>
     <span class='ocr_line' id='line_1_17' title="bbox 181 2101 1169 2180; baseline 0.002 -19"><span class='ocrx_word' id='word_1_127' title='bbox 181 2104 315 2162; x_wconf 90' lang='lat' dir='ltr'><strong>uolutum</strong></span> <span class='ocrx_word' id='word_1_128' title='bbox 328 2102 359 2162; x_wconf 94' lang='lat' dir='ltr'><strong>in</strong></span> <span class='ocrx_word' id='word_1_129' title='bbox 373 2104 498 2164; x_wconf 90' lang='lat' dir='ltr'><strong>sublime</strong></span> <span class='ocrx_word' id='word_1_130' title='bbox 518 2101 593 2178; x_wconf 83' lang='lat' dir='ltr'><strong>ferri,</strong></span> <span class='ocrx_word' id='word_1_131' title='bbox 609 2107 717 2164; x_wconf 87' lang='lat' dir='ltr'><strong>elatum</strong></span> <span class='ocrx_word' id='word_1_132' title='bbox 737 2103 875 2164; x_wconf 89' lang='lat' dir='ltr'><strong>uidelicet</strong></span> <span class='ocrx_word' id='word_1_133' title='bbox 893 2105 930 2164; x_wconf 91' lang='lat' dir='ltr'><strong>de</strong></span> <span class='ocrx_word' id='word_1_134' title='bbox 947 2105 1038 2164; x_wconf 95' lang='lat' dir='ltr'><strong>domo</strong></span> <span class='ocrx_word' id='word_1_135' title='bbox 1058 2104 1088 2163; x_wconf 90' lang='lat' dir='ltr'><strong>in</strong></span> <span class='ocrx_word' id='word_1_136' title='bbox 1110 2123 1169 2180; x_wconf 83' lang='lat' dir='ltr'><strong>qua</strong></span> 
     </span>
     <span class='ocr_line' id='line_1_18' title="bbox 181 2198 1169 2279; baseline 0.003 -21"><span class='ocrx_word' id='word_1_137' title='bbox 181 2219 295 2260; x_wconf 90' lang='lat' dir='ltr'><strong>sorores</strong></span> <span class='ocrx_word' id='word_1_138' title='bbox 320 2220 444 2278; x_wconf 88' lang='lat' dir='ltr'><strong>pausare</strong></span> <span class='ocrx_word' id='word_1_139' title='bbox 466 2203 607 2262; x_wconf 84' lang='lat' dir='ltr'><strong>solebant</strong></span> <span class='ocrx_word' id='word_1_140' title='bbox 664 2219 790 2279; x_wconf 89' lang='lat' dir='ltr'><strong>cumque</strong></span> <span class='ocrx_word' id='word_1_141' title='bbox 817 2199 983 2276; x_wconf 86' lang='lat' dir='ltr'><strong>diligentius</strong></span> <span class='ocrx_word' id='word_1_142' title='bbox 1010 2198 1169 2261; x_wconf 89' lang='lat' dir='ltr'><strong>intueretur</strong></span> 
     </span>
     <span class='ocr_line' id='line_1_19' title="bbox 180 2298 1168 2373; baseline 0.004 -19"><span class='ocrx_word' id='word_1_143' title='bbox 180 2316 241 2373; x_wconf 90' lang='lat' dir='ltr'><strong>quo</strong></span> <span class='ocrx_word' id='word_1_144' title='bbox 261 2298 393 2357; x_wconf 86' lang='lat' dir='ltr'><strong>trahente</strong></span> <span class='ocrx_word' id='word_1_145' title='bbox 414 2301 560 2359; x_wconf 90' lang='lat' dir='ltr'><strong>leuaretur</strong></span> <span class='ocrx_word' id='word_1_146' title='bbox 580 2317 695 2357; x_wconf 90' lang='lat' dir='ltr'><strong>sursum</strong></span> <span class='ocrx_word' id='word_1_147' title='bbox 716 2298 789 2357; x_wconf 92' lang='lat' dir='ltr'><strong>haec</strong></span> <span class='ocrx_word' id='word_1_148' title='bbox 805 2316 894 2373; x_wconf 87' lang='lat' dir='ltr'><strong>quam</strong></span> <span class='ocrx_word' id='word_1_149' title='bbox 915 2298 1168 2373; x_wconf 88' lang='lat' dir='ltr'><strong>contemplabatur</strong></span> 
     </span>
     <span class='ocr_line' id='line_1_20' title="bbox 180 2390 1218 2470; baseline 0.007 -20"><span class='ocrx_word' id='word_1_150' title='bbox 180 2390 293 2466; x_wconf 89' lang='lat' dir='ltr'><strong>species</strong></span> <span class='ocrx_word' id='word_1_151' title='bbox 319 2393 450 2468; x_wconf 89' lang='lat' dir='ltr'><strong>corporis</strong></span> <span class='ocrx_word' id='word_1_152' title='bbox 476 2392 604 2470; x_wconf 85' lang='lat' dir='ltr'><strong>gloriosi,</strong></span> <span class='ocrx_word' id='word_1_153' title='bbox 632 2391 708 2452; x_wconf 89' lang='lat' dir='ltr'><strong>uidit</strong></span> <span class='ocrx_word' id='word_1_154' title='bbox 735 2393 817 2468; x_wconf 90' lang='lat' dir='ltr'><strong>quod</strong></span> <span class='ocrx_word' id='word_1_155' title='bbox 843 2391 925 2468; x_wconf 92' lang='lat' dir='ltr'><strong>quasi</strong></span> <span class='ocrx_word' id='word_1_156' title='bbox 953 2392 1071 2452; x_wconf 86' lang='lat' dir='ltr'><strong>funibus</strong></span> <span class='ocrx_word' id='word_1_157' title='bbox 1096 2412 1218 2456; x_wconf 75' lang='lat' dir='ltr'><strong>aurore</strong></span> 
     </span>
     <span class='ocr_line' id='line_1_21' title="bbox 180 2485 1167 2563; baseline 0.006 -21"><span class='ocrx_word' id='word_1_158' title='bbox 180 2485 349 2546; x_wconf 87' lang='lat' dir='ltr'><strong>clarioribus</strong></span> <span class='ocrx_word' id='word_1_159' title='bbox 372 2486 404 2545; x_wconf 90' lang='lat' dir='ltr'><strong>in</strong></span> <span class='ocrx_word' id='word_1_160' title='bbox 431 2506 557 2563; x_wconf 88' lang='lat' dir='ltr'><strong>superna</strong></span> <span class='ocrx_word' id='word_1_161' title='bbox 584 2488 740 2560; x_wconf 90' lang='lat' dir='ltr'><strong>tolleretur,</strong></span> <span class='ocrx_word' id='word_1_162' title='bbox 766 2488 863 2546; x_wconf 90' lang='lat' dir='ltr'><strong>donec</strong></span> <span class='ocrx_word' id='word_1_163' title='bbox 890 2486 978 2546; x_wconf 87' lang='lat' dir='ltr'><strong>caelis</strong></span> <span class='ocrx_word' id='word_1_164' title='bbox 1000 2488 1167 2563; x_wconf 91' lang='lat' dir='ltr'><strong>patentibus</strong></span> 
     </span>
     <span class='ocr_line' id='line_1_22' title="bbox 179 2580 1167 2660; baseline 0.005 -20"><span class='ocrx_word' id='word_1_165' title='bbox 179 2580 347 2642; x_wconf 89' lang='lat' dir='ltr'><strong>introducta</strong></span> <span class='ocrx_word' id='word_1_166' title='bbox 365 2583 489 2660; x_wconf 90' lang='lat' dir='ltr'><strong>amplius</strong></span> <span class='ocrx_word' id='word_1_167' title='bbox 508 2585 546 2643; x_wconf 87' lang='lat' dir='ltr'><strong>ab</strong></span> <span class='ocrx_word' id='word_1_168' title='bbox 561 2583 611 2643; x_wconf 89' lang='lat' dir='ltr'><strong>illa</strong></span> <span class='ocrx_word' id='word_1_169' title='bbox 627 2583 721 2644; x_wconf 91' lang='lat' dir='ltr'><strong>uideri</strong></span> <span class='ocrx_word' id='word_1_170' title='bbox 739 2603 800 2644; x_wconf 90' lang='lat' dir='ltr'><strong>non</strong></span> <span class='ocrx_word' id='word_1_171' title='bbox 821 2583 925 2660; x_wconf 79' lang='lat' dir='ltr'><strong>potuit</strong></span> <span class='ocrx_word' id='word_1_172' title='bbox 968 2604 1023 2643; x_wconf 92' lang='lat' dir='ltr'><strong>nec</strong></span> <span class='ocrx_word' id='word_1_173' title='bbox 1044 2585 1167 2645; x_wconf 91' lang='lat' dir='ltr'><strong>dubium</strong></span> 
     </span>
     <span class='ocr_line' id='line_1_23' title="bbox 178 2679 1167 2757; baseline 0.003 -20"><span class='ocrx_word' id='word_1_174' title='bbox 178 2679 317 2738; x_wconf 87' lang='lat' dir='ltr'><strong>remansit</strong></span> <span class='ocrx_word' id='word_1_175' title='bbox 330 2679 471 2756; x_wconf 82' lang='lat' dir='ltr'><strong>cogitanti</strong></span> <span class='ocrx_word' id='word_1_176' title='bbox 489 2680 663 2754; x_wconf 75' lang='lat' dir='ltr'><strong>domnione,</strong></span> <span class='ocrx_word' id='word_1_177' title='bbox 678 2681 750 2757; x_wconf 90' lang='lat' dir='ltr'><strong>quin</strong></span> <span class='ocrx_word' id='word_1_178' title='bbox 766 2680 870 2757; x_wconf 89' lang='lat' dir='ltr'><strong>aliquis</strong></span> <span class='ocrx_word' id='word_1_179' title='bbox 889 2681 926 2739; x_wconf 92' lang='lat' dir='ltr'><strong>de</strong></span> <span class='ocrx_word' id='word_1_180' title='bbox 944 2680 994 2739; x_wconf 91' lang='lat' dir='ltr'><strong>illa</strong></span> <span class='ocrx_word' id='word_1_181' title='bbox 1012 2699 1167 2757; x_wconf 85' lang='lat' dir='ltr'><strong>congrega·</strong></span> 
     </span>
     <span class='ocr_line' id='line_1_24' title="bbox 178 2773 1166 2855; baseline 0.007 -23"><span class='ocrx_word' id='word_1_182' title='bbox 178 2773 260 2833; x_wconf 89' lang='lat' dir='ltr'><strong>tione</strong></span> <span class='ocrx_word' id='word_1_183' title='bbox 281 2773 365 2834; x_wconf 90' lang='lat' dir='ltr'><strong>eitius</strong></span> <span class='ocrx_word' id='word_1_184' title='bbox 390 2787 467 2836; x_wconf 88' lang='lat' dir='ltr'><strong>esset</strong></span> <span class='ocrx_word' id='word_1_185' title='bbox 490 2777 655 2851; x_wconf 90' lang='lat' dir='ltr'><strong>moriturus,</strong></span> <span class='ocrx_word' id='word_1_186' title='bbox 678 2775 760 2836; x_wconf 90' lang='lat' dir='ltr'><strong>cuius</strong></span> <span class='ocrx_word' id='word_1_187' title='bbox 785 2775 885 2836; x_wconf 91' lang='lat' dir='ltr'><strong>anima</strong></span> <span class='ocrx_word' id='word_1_188' title='bbox 905 2796 958 2853; x_wconf 91' lang='lat' dir='ltr'><strong>per</strong></span> <span class='ocrx_word' id='word_1_189' title='bbox 984 2780 1064 2838; x_wconf 91' lang='lat' dir='ltr'><strong>bona</strong></span> <span class='ocrx_word' id='word_1_190' title='bbox 1091 2797 1166 2855; x_wconf 91' lang='lat' dir='ltr'><strong>quae</strong></span> 
     </span>
     <span class='ocr_line' id='line_1_25' title="bbox 178 2866 1215 2951; baseline 0.002 -22"><span class='ocrx_word' id='word_1_191' title='bbox 178 2869 293 2930; x_wconf 84' lang='lat' dir='ltr'><strong>fecisset</strong></span> <span class='ocrx_word' id='word_1_192' title='bbox 307 2890 397 2950; x_wconf 84' lang='lat' dir='ltr'><strong>opera</strong></span> <span class='ocrx_word' id='word_1_193' title='bbox 405 2871 489 2951; x_wconf 90' lang='lat' dir='ltr'><strong>quasi</strong></span> <span class='ocrx_word' id='word_1_194' title='bbox 502 2892 555 2948; x_wconf 89' lang='lat' dir='ltr'><strong>per</strong></span> <span class='ocrx_word' id='word_1_195' title='bbox 567 2873 651 2931; x_wconf 87' lang='lat' dir='ltr'><strong>funes</strong></span> <span class='ocrx_word' id='word_1_196' title='bbox 665 2889 768 2932; x_wconf 91' lang='lat' dir='ltr'><strong>aureos</strong></span> <span class='ocrx_word' id='word_1_197' title='bbox 777 2866 904 2932; x_wconf 86' lang='lat' dir='ltr'><strong>leuanda</strong></span> <span class='ocrx_word' id='word_1_198' title='bbox 917 2884 994 2933; x_wconf 87' lang='lat' dir='ltr'><strong>esset</strong></span> <span class='ocrx_word' id='word_1_199' title='bbox 1003 2874 1042 2931; x_wconf 87' lang='lat' dir='ltr'><strong>ad</strong></span> <span class='ocrx_word' id='word_1_200' title='bbox 1051 2875 1166 2934; x_wconf 87' lang='lat' dir='ltr'><strong>caelos:</strong></span> <span class='ocrx_word' id='word_1_201' title='bbox 1180 2891 1215 2951; x_wconf 85' lang='lat'><strong>²5</strong></span> 
     </span>
     <span class='ocr_line' id='line_1_26' title="bbox 179 2966 1165 3046; baseline 0.004 -21"><span class='ocrx_word' id='word_1_202' title='bbox 179 2966 261 3042; x_wconf 91' lang='lat' dir='ltr'><strong>quod</strong></span> <span class='ocrx_word' id='word_1_203' title='bbox 286 2985 389 3026; x_wconf 86' lang='lat' dir='ltr'><strong>reuera</strong></span> <span class='ocrx_word' id='word_1_204' title='bbox 422 2968 462 3028; x_wconf 88' lang='lat' dir='ltr'><strong>ita</strong></span> <span class='ocrx_word' id='word_1_205' title='bbox 495 2967 625 3045; x_wconf 78' lang='lat' dir='ltr'><strong>contigit.</strong></span> <span class='ocrx_word' id='word_1_206' title='bbox 667 2987 738 3026; x_wconf 87' lang='lat' dir='ltr'><strong>nam</strong></span> <span class='ocrx_word' id='word_1_207' title='bbox 765 2986 826 3028; x_wconf 88' lang='lat' dir='ltr'><strong>uon</strong></span> <span class='ocrx_word' id='word_1_208' title='bbox 859 2968 959 3027; x_wconf 91' lang='lat' dir='ltr'><strong>multis</strong></span> <span class='ocrx_word' id='word_1_209' title='bbox 986 2967 1165 3046; x_wconf 91' lang='lat' dir='ltr'><strong>interpositis</strong></span> 
     </span>
     <span class='ocr_line' id='line_1_27' title="bbox 177 3061 1165 3141; baseline 0.003 -20"><span class='ocrx_word' id='word_1_210' title='bbox 177 3061 284 3122; x_wconf 90' lang='lat' dir='ltr'><strong>diebus</strong></span> <span class='ocrx_word' id='word_1_211' title='bbox 308 3063 366 3124; x_wconf 90' lang='lat' dir='ltr'><strong>deo</strong></span> <span class='ocrx_word' id='word_1_212' title='bbox 389 3063 496 3124; x_wconf 90' lang='lat' dir='ltr'><strong>dilecta</strong></span> <span class='ocrx_word' id='word_1_213' title='bbox 519 3075 613 3124; x_wconf 88' lang='lat' dir='ltr'><strong>mater</strong></span> <span class='ocrx_word' id='word_1_214' title='bbox 639 3063 872 3141; x_wconf 85' lang='lat' dir='ltr'><strong>congregationis</strong></span> <span class='ocrx_word' id='word_1_215' title='bbox 900 3063 992 3140; x_wconf 89' lang='lat' dir='ltr'><strong>ipsius</strong></span> <span class='ocrx_word' id='word_1_216' title='bbox 1020 3066 1165 3140; x_wconf 86' lang='lat' dir='ltr'><strong>ergastulo</strong></span> 
     </span>
     <span class='ocr_line' id='line_1_28' title="bbox 177 3156 1166 3234; baseline 0.003 -19"><span class='ocrx_word' id='word_1_217' title='bbox 177 3156 272 3217; x_wconf 88' lang='lat' dir='ltr'><strong>carnis</strong></span> <span class='ocrx_word' id='word_1_218' title='bbox 286 3158 392 3218; x_wconf 90' lang='lat' dir='ltr'><strong>educta</strong></span> <span class='ocrx_word' id='word_1_219' title='bbox 405 3170 458 3232; x_wconf 85' lang='lat' dir='ltr'><strong>est,</strong></span> <span class='ocrx_word' id='word_1_220' title='bbox 473 3157 557 3218; x_wconf 90' lang='lat' dir='ltr'><strong>cuius</strong></span> <span class='ocrx_word' id='word_1_221' title='bbox 571 3160 660 3218; x_wconf 88' lang='lat' dir='ltr'><strong>talem</strong></span> <span class='ocrx_word' id='word_1_222' title='bbox 673 3158 762 3218; x_wconf 86' lang='lat' dir='ltr'><strong>fuisse</strong></span> <span class='ocrx_word' id='word_1_223' title='bbox 780 3170 896 3219; x_wconf 89' lang='lat' dir='ltr'><strong>constat</strong></span> <span class='ocrx_word' id='word_1_224' title='bbox 912 3159 1011 3234; x_wconf 89' lang='lat' dir='ltr'><strong>uitam,</strong></span> <span class='ocrx_word' id='word_1_225' title='bbox 1026 3171 1059 3219; x_wconf 90' lang='lat' dir='ltr'><strong>ut</strong></span> <span class='ocrx_word' id='word_1_226' title='bbox 1076 3179 1166 3220; x_wconf 89' lang='lat' dir='ltr'><strong>nemo</strong></span> 
     </span>
     <span class='ocr_line' id='line_1_29' title="bbox 107 3249 1166 3328; baseline 0.006 -20"><span class='ocrx_word' id='word_1_227' title='bbox 107 3286 109 3290; x_wconf 66' lang='lat'>,</span> <span class='ocrx_word' id='word_1_228' title='bbox 178 3249 229 3326; x_wconf 93' lang='lat' dir='ltr'><strong>qui</strong></span> <span class='ocrx_word' id='word_1_229' title='bbox 242 3270 308 3311; x_wconf 88' lang='lat' dir='ltr'><strong>eam</strong></span> <span class='ocrx_word' id='word_1_230' title='bbox 321 3251 436 3312; x_wconf 88' lang='lat' dir='ltr'><strong>nouerit</strong></span> <span class='ocrx_word' id='word_1_231' title='bbox 448 3253 582 3312; x_wconf 89' lang='lat' dir='ltr'><strong>dubitare</strong></span> <span class='ocrx_word' id='word_1_232' title='bbox 597 3255 706 3313; x_wconf 89' lang='lat' dir='ltr'><strong>debeat</strong></span> <span class='ocrx_word' id='word_1_233' title='bbox 720 3252 792 3328; x_wconf 91' lang='lat' dir='ltr'><strong>quin</strong></span> <span class='ocrx_word' id='word_1_234' title='bbox 805 3251 833 3312; x_wconf 93' lang='lat' dir='ltr'><strong>ei</strong></span> <span class='ocrx_word' id='word_1_235' title='bbox 852 3253 969 3313; x_wconf 87' lang='lat' dir='ltr'><strong>exeunti</strong></span> <span class='ocrx_word' id='word_1_236' title='bbox 983 3255 1021 3316; x_wconf 92' lang='lat' dir='ltr'><strong>de</strong></span> <span class='ocrx_word' id='word_1_237' title='bbox 1035 3255 1091 3314; x_wconf 85' lang='lat' dir='ltr'><strong>hac</strong></span> <span class='ocrx_word' id='word_1_238' title='bbox 1105 3253 1166 3314; x_wconf 86' lang='lat' dir='ltr'><strong>uita</strong></span> 
     </span>
     <span class='ocr_line' id='line_1_30' title="bbox 177 3346 1216 3427; baseline 0.004 -21"><span class='ocrx_word' id='word_1_239' title='bbox 177 3346 310 3409; x_wconf 90' lang='lat' dir='ltr'><strong>caelestis</strong></span> <span class='ocrx_word' id='word_1_240' title='bbox 323 3347 435 3424; x_wconf 89' lang='lat' dir='ltr'><strong>patriae</strong></span> <span class='ocrx_word' id='word_1_241' title='bbox 450 3347 576 3425; x_wconf 87' lang='lat' dir='ltr'><strong>patuerit</strong></span> <span class='ocrx_word' id='word_1_242' title='bbox 590 3347 743 3425; x_wconf 88' lang='lat' dir='ltr'><strong>ingressus.</strong></span> <span class='ocrx_word' id='word_1_243' title='bbox 1082 3395 1083 3398; x_wconf 16' lang='grc' dir='ltr'>η</span> <span class='ocrx_word' id='word_1_244' title='bbox 1177 3371 1216 3427; x_wconf 84' lang='lat'><strong>30</strong></span> 
     </span>
    </p>
   </div>
   <div class='ocr_carea' id='block_1_5' title="bbox 495 3476 856 3544">
    <p class='ocr_par' dir='ltr' id='par_1_6' title="bbox 495 3476 856 3544">
     <span class='ocr_line' id='line_1_31' title="bbox 495 3476 856 3544; baseline 0 -15"><span class='ocrx_word' id='word_1_245' title='bbox 495 3476 517 3511; x_wconf 78' lang='lat'><strong>²⁴</strong></span> <span class='ocrx_word' id='word_1_246' title='bbox 531 3479 597 3529; x_wconf 74' lang='lat' dir='ltr'><strong>enrin</strong></span> <span class='ocrx_word' id='word_1_247' title='bbox 608 3493 638 3544; x_wconf 95' lang='lat' dir='ltr'><strong>pr</strong></span> <span class='ocrx_word' id='word_1_248' title='bbox 648 3494 714 3529; x_wconf 86' lang='lat' dir='ltr'><strong>man.</strong></span> <span class='ocrx_word' id='word_1_249' title='bbox 745 3491 799 3542; x_wconf 78' lang='lat' dir='ltr'><strong>ergo</strong></span> <span class='ocrx_word' id='word_1_250' title='bbox 809 3492 856 3529; x_wconf 74' lang='lat' dir='ltr'><strong>sec.</strong></span> 
     </span>
    </p>
   </div>
   <div class='ocr_carea' id='block_1_6' title="bbox 0 0 1300 3834">
    <p class='ocr_par' dir='ltr' id='par_1_7' title="bbox 0 0 1300 3834">
     <span class='ocr_line' id='line_1_32' title="bbox 0 0 1300 3834; baseline 0 3"><span class='ocrx_word' id='word_1_251' title='bbox 0 0 1300 3834; x_wconf 95' lang='lat' dir='ltr'><strong> </strong></span> 
     </span>
    </p>
   </div>
  </div>
 </body>
</html>
