2592 3834
171 245 210 303 90
313 240 517 292 rrraooora
540 240 737 291 ornnrnao
751 239 1001 290 ‘arcearsrron
1100 221 1160 304 [IV

170 373 374 434 ecclesiasticis
390 371 551 451 disciplinis
569 370 717 430 institutus
732 370 862 429 Graecae
875 366 981 444 pariter
994 376 1024 425 et
1038 361 1160 424 Latinae

170 468 287 546 linguae
300 469 496 546 peritissimus.
537 470 616 529 hunc
628 469 669 528 ad
683 486 713 527 se
728 465 854 525 accitum
867 483 944 542 papa
956 463 1038 524 iussit
1052 463 1162 540 episco

170 577 241 642 patu
263 577 386 642 accepto
407 565 578 626 Brittaniam
600 565 707 625 uenire.
761 561 812 638 qui
839 562 993 638 indignum
1020 581 1052 622 se
1078 571 1161 622 tanto

142 692 145 700 r
171 662 273 740 gradui
298 665 479 740 respondens
506 663 661 723 ostendere
687 679 774 738 posse
798 679 830 720 se
854 659 926 719 dixit
953 658 1051 730 alium,
1079 660 1162 720 cuius

172 759 263 836 magis
282 760 323 818 ad
340 758 559 835 suscipiendum
577 757 779 835 episcopatum
797 767 828 816 et
845 755 971 816 eruditio
992 754 1162 816 conueniret
1195 763 1212 827 5

172 865 202 916 et
215 865 303 916 aetas
345 874 471 931 cumque
490 855 669 914 monachum
688 855 836 929 quendam
850 855 888 914 de
900 851 1000 912 uicino
1018 851 1162 930 uirginum
1293 835 1294 844 ἵ

135 968 139 973 ’
173 946 350 1009 monasterio
363 949 483 1010 nomine
500 951 650 1009 Andream
668 949 800 1026 pontifici
819 939 943 1021 offerret}
957 947 1006 1007 hic
1019 949 1057 1009 ab
1070 948 1163 1007 omni·

87 1058 90 1063 ’
172 1048 228 1106 bus
248 1044 306 1121 qui
333 1064 442 1104 nouere
469 1044 575 1121 dignus
605 1043 776 1120 episcopatu
809 1041 954 1102 iudicatus
981 1053 1033 1116 est,
1061 1061 1163 1102 uerum

173 1140 291 1216 pondus
317 1157 474 1216 corporeae
502 1137 684 1211 infirmitatis,
712 1157 750 1196 ne
777 1137 933 1214 episcopus
959 1137 1021 1197 fieri
1054 1149 1162 1213 posset,
1293 1197 1294 1216 ἢ

174 1236 293 1296 obstitit
335 1246 366 1296 et
386 1255 499 1295 rursum
521 1234 691 1295 Hadrianus
715 1234 754 1293 ad
775 1233 993 1310 suscipiendum
1018 1232 1165 1310 episcopa·
1181 1250 1215 1288 10
1293 1237 1294 1304 J

174 1343 239 1392 tum
262 1341 344 1390 actus
368 1342 429 1391 est:
463 1330 514 1407 qui
540 1342 644 1407 petens
671 1329 811 1404 inducias,
836 1329 860 1388 si
887 1331 960 1388 sorte
987 1327 1086 1402 alium,
1114 1327 1187 1406 quiv

174 1426 329 1503 episcopus
343 1427 531 1498 ordinaretur,
546 1445 582 1486 ex
594 1437 726 1502 tempore
740 1409 839 1502 posset
852 1424 991 1486 inuenire.
1293 1413 1294 1418 ἵ

235 1525 305 1582 Erat
330 1522 395 1599 ipso
419 1533 551 1598 ternpore
574 1525 689 1581 Romae
713 1523 875 1582 monachus
900 1521 1055 1581 Hadriano
1078 1531 1165 1582 notus

175 1619 295 1679 nomine
308 1614 490 1692 Theodorus,
510 1629 595 1678 natus
613 1623 707 1679 Tarso
722 1618 852 1692 Ciliciae,
873 1617 918 1676 uir
935 1629 965 1678 et
983 1617 1123 1677 saeculari
1136 1629 1166 1677 et

174 1716 277 1776 diuina
302 1717 461 1777 litteratura
486 1727 517 1776 et
538 1718 652 1794 Graece
678 1715 834 1775 instructus
862 1725 892 1774 et
917 1714 1030 1786 Latine,
1056 1715 1166 1790 probus
1182 1730 1216 1790 15

175 1811 305 1870 moribus
324 1822 355 1872 et
374 1823 470 1872 aetate
487 1811 682 1884 ueneranduS,
703 1810 735 1870 id
754 1820 799 1870 est
819 1829 911 1869 annos
932 1810 1044 1868 habens
1063 1807 1167 1867 aetatis

175 1911 207 1967 lx
228 1918 259 1968 et
278 1907 316 1968 ui.
358 1908 438 1966 hunc
460 1908 585 1966 offerens
607 1905 778 1966 Hadrianus
798 1903 937 1982 pontifici,
959 1914 991 1963 ut
1012 1902 1167 1981 episcopus

175 2003 357 2064 ordinaretur
376 2002 522 2063 obtinuit:
548 2001 593 2062 his
615 2014 715 2063 tamen
737 2001 959 2062 condicionibus
981 1999 1165 2075 interpositis,

175 2110 209 2158 ut
227 2098 289 2175 ipse
308 2118 376 2158 eum
393 2099 566 2176 perduceret
584 2099 757 2158 Brittaniam
777 2115 814 2156 eo
833 2096 913 2172 quod
931 2093 990 2153 iam
1008 2093 1053 2152 bis
1071 2105 1167 2170 partes

175 2197 337 2255 Galliarum
351 2196 473 2256 diuersis
491 2217 529 2257 ex
545 2196 640 2256 causis
659 2196 769 2256 adisset
782 2206 812 2254 et
825 2196 864 2254 ob
878 2193 909 2252 id
923 2192 1063 2252 maiorem
1081 2193 1167 2254 huius
1183 2207 1219 2246 20

176 2290 288 2350 itineris
313 2291 472 2368 peragendi
500 2292 634 2352 notitiam
657 2293 777 2352 haberet
804 2287 1009 2364 sufficiensque
1036 2300 1113 2349 esset
1136 2288 1167 2350 in

176 2387 359 2464 possessione
373 2372 525 2458 hominum
539 2389 730 2467 propriorum,
745 2398 773 2448 et
783 2397 815 2446 ut
829 2385 857 2445 ei
871 2385 1022 2446 doctrinae
1032 2405 1169 2464 coopera-

176 2495 223 2542 tor
246 2483 372 2544 existens
395 2485 548 2563 diiigenter
572 2485 748 2546 adtenderet
768 2503 807 2544 ne
829 2482 901 2559 quid
921 2482 970 2542 ille
991 2483 1168 2542 contrarium

175 2578 291 2638 ueritati
306 2580 376 2640 fidei
394 2578 573 2641 Graecorum
592 2599 674 2640 more
691 2579 721 2639 in
743 2573 897 2639 ecclesiam
916 2577 962 2637 cui
981 2589 1110 2655 praesset
1126 2577 1169 2638 in·

176 2674 351 2734 troduceret
392 2675 444 2751 qui
457 2677 655 2736 subdiaconus
670 2675 820 2735 ordinatus
839 2673 880 2733 iiii
896 2673 1075 2750 exspectauit
1089 2693 1169 2733 men·
1184 2682 1218 2742 25

177 2788 231 2843 ses,
247 2771 345 2830 donec
367 2770 410 2830 illi
429 2791 515 2831 coma
532 2780 682 2844 cresceret,
702 2789 762 2847 quo
781 2769 812 2828 in
830 2788 970 2828 coronam
993 2768 1078 2828 tondi
1104 2787 1186 2844 pos-¹

177 2877 240 2941 set3
260 2868 401 2926 habuerat
415 2867 495 2926 enim
512 2877 663 2927 tonsuram
681 2886 762 2926 more
782 2865 965 2926 orientalium
978 2864 1072 2924 sancti
1085 2885 1169 2941 apos-

177 2961 231 3021 toli
249 2962 340 3022 Pauli
382 2963 434 3038 qui
451 2963 602 3022 ordinatus
620 2973 666 3022 est
682 2982 700 3021 a
719 2961 868 3021 Vitaliano
885 2981 962 3038 papa
980 2981 1059 3020 anno
1078 2960 1170 3020 domi-
1278 3007 1281 3010 .

180 3055 262 3116 nicae
276 3056 484 3117 incarnationis
498 3058 618 3117 dclxuiii
631 3059 685 3117 sub
699 3058 748 3118 die
762 3057 803 3117 uii
816 3058 1007 3117 kalendarum
1014 3057 1168 3135 Aprilium,

173 3151 334 3214 dominica
376 3165 407 3214 et
428 3155 469 3214 ita
489 3175 639 3215 unacum
668 3154 822 3215 Hadriano
844 3154 875 3213 ui
899 3154 1040 3214 kalendas
1068 3153 1169 3214 Iunias
1182 3163 1222 3220 30

178 3246 350 3307 Brittaniam
369 3249 473 3310 missus
492 3260 544 3310 est.
586 3250 638 3327 qui
656 3270 724 3310 cum
741 3250 848 3328 pariter
865 3269 918 3326 per
935 3250 1018 3308 mare'
1033 3249 1071 3308 ad
1090 3250 1169 3308 Mas-

177 3342 272 3403 siliam
291 3355 320 3405 et
340 3346 449 3407 deinde
470 3367 523 3425 per
544 3359 651 3409 terram
672 3350 793 3409 Arhelas
814 3346 1017 3425 peruenissent
1036 3356 1067 3407 et
1084 3349 1171 3410 tradi·

194 3453 205 3488 ¹
221 3436 386 3511 ecclesiasticae
394 3477 441 3512 ms.
518 3461 539 3496 Π
556 3465 616 3514 read
621 3464 701 3529 petiit.
782 3460 803 3496 ¹⁸
818 3463 925 3516 obtenuit
935 3479 972 3514 ms
984 3479 1037 3516 corr
1048 3463 1074 3513 in
1085 3463 1154 3514 ·tin·.
