2592 3834
156 240 1151 326 μήπω]ΤΗΕοοοΚΕΜΑΚΕεΡΕΑεΕΒΕΤινΕΕΝΤΗΕΜι33
1228 295 1230 302 ,

156 388 270 449 circiter
290 409 310 447 x
330 400 359 449 et
377 388 429 452 uiii
447 409 591 449 annorum
605 389 721 467 utrique
741 391 911 467 prouinciae
927 397 1052 455 multum
1073 416 1153 457 ama·

155 486 229 547 bilis.
271 498 392 547 namet
416 507 545 547 sororem
568 487 639 561 eius,
663 508 740 566 quae
767 489 919 550 dicebatur
937 494 1076 571 Osthryd,
1101 514 1152 555 rex

154 585 296 646 Aedilred
314 586 440 647 habebat
459 604 587 645 uxorem.
630 605 760 663 cumque
783 586 918 647 materies
941 589 1011 648 belli
1034 590 1152 650 acrioris

155 691 184 741 et
198 680 367 742 inimicitiae
386 680 525 759 longioris
546 681 621 741 inter
640 700 723 757 reges
739 684 925 759 populosque
945 684 1057 744 feroces
1070 684 1152 745 uide-

124 788 140 848 5
155 788 234 836 retur
245 787 355 849 exorta,
370 777 546 837 Theodorus
567 778 626 836 deo
640 776 765 836 dilectus
782 777 903 837 antistes
917 778 1020 838 diuino
1033 780 1151 840 functus

154 874 263 935 auxilio
277 874 423 934 salutifera
437 873 638 934 exhortatione
647 885 788 949 coeptum
797 874 871 935 tanti
884 876 1007 951 periculi
1020 876 1151 936 funditus

154 971 297 1049 extinguit
311 971 499 1032 incendium:
518 972 597 1030 adeo
611 982 643 1029 ut
659 970 771 1046 pacatis
789 971 960 1031 altemtrum
978 971 1095 1047 regibus
1115 991 1152 1032 ac

153 1068 270 1145 populis
294 1067 403 1127 nullius
429 1067 528 1127 anima
554 1065 683 1126 hominis
705 1085 759 1142 pro
781 1065 934 1126 interfecto
960 1066 1036 1143 regis
1057 1070 1143 1128 fratre

154 1167 208 1225 sed
229 1164 330 1225 debita
353 1166 540 1224 solummodo
563 1166 656 1223 multa
679 1163 822 1239 pecuniae
838 1163 899 1240 regi
917 1164 1004 1224 ultori
1025 1165 1147 1224 daretur.

107 1259 238 1319 loculus
263 1260 384 1319 foedera
409 1260 491 1335 pacis
518 1260 613 1319 multo
641 1258 748 1318 exinde
775 1270 909 1335 tempore
930 1258 1007 1319 inter
1028 1262 1150 1321 eosdem

153 1373 236 1432 reges
250 1372 411 1431 eorumque
424 1374 514 1431 regna
527 1355 676 1414 durarunt.

594 1595 714 1680 [xxm]

160 1747 224 1873 IN
245 1746 376 1823 praefato
398 1757 498 1806 autem
518 1746 640 1823 proelio,
660 1766 721 1823 quo
743 1746 858 1807 occisus
876 1757 921 1807 est
938 1766 989 1808 rex
1009 1749 1148 1821 Aelfuini‚

214 1844 403 1904 memorabile
421 1844 563 1921 quiddam
582 1846 693 1904 lactum
714 1863 777 1904 esse
796 1855 920 1917 constat,
940 1846 1022 1920 quod
1040 1865 1150 1922 nequa·

105 1956 138 2016 15
154 1960 243 2017 qnam
258 1940 374 2001 silentio
394 1941 640 2017 praetereundum
659 1939 782 1999 arbitror
799 1940 853 1999 sed
873 1940 1032 1999 multorum
1052 1940 1148 2014 saluti,

153 2037 178 2098 si
196 2040 342 2112 referatur,
357 2040 419 2097 lore
438 2039 610 2114 proficuum.
654 2037 769 2097 occisus
790 2048 835 2097 est
855 2037 896 2097 ibi
917 2037 993 2098 inter
1013 2038 1086 2099 alios
1110 2040 1149 2099 de

153 2132 257 2193 militia
279 2133 342 2193 eius
366 2133 481 2195 iuuenis
504 2135 651 2195 uocabulo
674 2134 790 2206 Imma3
819 2132 870 2209 qui
894 2152 962 2192 cum
981 2132 1029 2192 die
1049 2132 1101 2193 illo
1119 2145 1149 2194 et

119 2238 121 2245 '
147 2243 241 2291 'nocte
268 2231 403 2308 sequenti
429 2231 505 2291 inter
535 2232 680 2291 cadauera
708 2229 872 2289 occisorum
903 2228 1005 2289 similis
1032 2240 1149 2291 mortuo

152 2326 268 2400 iaceret,
296 2329 417 2387 tandem
450 2339 570 2404 recepto
603 2326 706 2403 spiritu
732 2326 836 2385 reuixit
869 2345 905 2385 ac
931 2326 1062 2387 residens
1097 2346 1149 2387 sua

103 2446 140 2484 20
152 2426 274 2484 uulnera
287 2436 375 2500 prout
387 2424 484 2500 potuit
498 2423 561 2500 ipse
575 2422 723 2500 alligauit:
743 2422 814 2483 dein
835 2423 986 2483 modicum
1000 2423 1149 2501 requietus

151 2517 262 2578 leuauit
289 2538 321 2578 se
348 2529 378 2578 et
405 2518 502 2595 coepit
530 2518 610 2580 abire
637 2517 732 2578 sicubi
754 2518 875 2590 amicos,
901 2518 953 2595 qui
980 2518 1026 2579 sui
1048 2539 1148 2579 curam

151 2624 280 2689 agerent,
304 2624 404 2690 posset
427 2613 569 2675 inuenire.
610 2615 694 2691 quod
717 2615 789 2674 dum
808 2615 924 2688 faceret,
946 2612 1084 2674 inuentus
1104 2625 1148 2674 est

151 2719 183 2769 et
195 2720 331 2785 captusa
350 2709 419 2769 uiris
433 2708 546 2770 hostilis
565 2710 710 2770 exercitus
728 2720 758 2770 et
778 2711 817 2769 ad
833 2709 988 2769 dominum
1008 2709 1146 2787 ipsorum,

151 2804 292 2864 comitem
310 2804 448 2866 uidelicet
461 2805 613 2866 Aedilredi
626 2806 711 2882 regis,
725 2806 877 2865 adductus.
915 2824 935 2863 a
952 2824 1012 2881 quo
1030 2804 1149 2865 interro

102 2922 137 2982 25
151 2914 235 2977 gatus
259 2902 324 2980 quis
352 2914 437 2976 esset,
462 2902 559 2962 timuit
582 2922 613 2962 se
635 2902 759 2961 militem
782 2901 872 2961 fuisse
892 2900 1042 2973 confiteri3
1065 2901 1149 2961 rusti-

151 3018 221 3059 cum
234 3020 265 3059 se
279 2999 377 3076 potius
392 3009 421 3059 et
434 3019 594 3076 pauperem
608 3010 696 3074 atque
710 3018 822 3059 uxoreo
835 2998 956 3057 uinculo
967 2998 1146 3074 conligatum

149 3095 239 3155 fuisse
252 3094 412 3171 respondit,
428 3107 457 3155 et
478 3106 598 3172 propter
615 3094 728 3153 uictum
745 3094 886 3153 militibus
904 3094 1096 3153 adferendum
1115 3093 1146 3154 in

150 3192 369 3270 expeditionem
383 3212 415 3253 se
429 3211 497 3252 cum
511 3192 570 3252 suis
585 3190 727 3252 similibus
747 3191 865 3251 uenisse
883 3201 1005 3250 testatus
1020 3202 1073 3251 est.
1116 3205 1154 3254 at·

151 3290 200 3351 ille
215 3289 376 3367 suscipiens
391 3308 467 3361 eum,
483 3309 584 3348 curam
597 3288 769 3349 uulneribus
788 3288 865 3365 egit3
885 3298 915 3347 et
928 3287 980 3347 ubi
993 3308 1145 3351 sanescere

100 3403 139 3461 30
151 3386 256 3464 coepit,
284 3397 376 3447 noctu
401 3405 477 3460 eum,
503 3406 542 3445 ne
568 3387 727 3462 aufugeret,
755 3384 860 3445 uinciri
891 3384 1047 3461 praecepit
1088 3406 1145 3447 nec

407 3500 578 3551 ‘domatione
591 3514 638 3550 ms.
797 3498 819 3531 ¹¹
834 3498 892 3547 XX
905 3513 951 3548 ms.
