2592 3834
170 275 207 329 70
362 266 520 318 commas.
562 266 716 321 ararnio.
749 250 970 315 norraarcr.
1092 248 1156 331 [ΙΙΙ
1262 342 1266 349 ¹

167 413 269 479 genter
282 398 401 477 exsequi
414 397 535 459 curauit
576 400 657 459 unde
673 400 712 458 ab
728 398 875 472 omnibus,
894 398 982 459 etiam
994 398 1041 459 his
1055 400 1105 477 qui
1119 402 1158 461 de

168 499 277 575 pascha
300 496 383 557 aliter
406 496 579 579 sentiebant,
605 496 709 556 merito
734 495 915 573 diligebatur,
940 516 997 558 nec
1020 500 1117 559 solum
1139 520 1159 559 a

168 594 363 655 mediocribus
389 611 492 651 uerum
519 592 556 651 ab
583 590 654 667 ipsis
682 611 801 668 quoque
834 592 989 669 episcopis,
1019 594 1159 655 Honorio

169 690 394 753 Cantuariorum
412 698 441 748 et
458 686 556 748 Felice
573 687 768 749 Orientalium
786 691 957 767 Anglorum,
972 691 1159 753 'uenerationi

167 786 285 845 habitus
298 795 350 846 est.
1194 804 1209 862 5

228 882 378 941 Defuncto
392 890 490 939 autem
502 866 682 955 Finano'qui
695 891 763 956 post
776 880 859 940 illum
872 881 934 955 suit,
944 902 1013 940 cum
1023 884 1161 943 Colman-

167 996 202 1037 us
216 975 246 1036 in
261 976 462 1052 episcopatum
477 976 648 1036 succederet
659 987 688 1035 et
698 975 761 1052 ipse
772 976 877 1037 missus
887 998 905 1037 a
915 979 1033 1051 Scottia,
1044 980 1162 1056 grauior

168 1074 206 1133 de
217 1071 421 1132 obseruatione
431 1073 558 1148 paschae
569 1091 686 1131 necnon
698 1082 728 1131 et
738 1074 776 1132 de
785 1071 848 1131 aliis
859 1073 1073 1135 ecclesiasticae
1082 1075 1160 1135 uitae

169 1167 329 1245 disciplinis
343 1166 544 1227 controuersia
557 1178 626 1226 nata
641 1178 692 1226 est
735 1168 815 1227 unde
831 1168 925 1227 mouit
938 1170 1013 1228 haec
1026 1171 1161 1245 quaestio

168 1284 271 1324 sensus
299 1275 328 1323 et
355 1264 446 1324 corda
472 1264 641 1335 multorum,
676 1260 842 1321 timentium
869 1282 907 1321 ne
935 1264 1009 1323 forte
1036 1266 1161 1342 accepto
1179 1285 1214 1321 10

169 1360 393 1423 Christianitatis
414 1361 562 1420 uocabulo
582 1359 613 1418 in
634 1378 762 1418 uacuum
783 1371 931 1419 currerent
950 1373 1002 1420 aut
1021 1363 1168 1422 cucurris-¹

169 1468 241 1517 sent.
284 1455 417 1533 peruenit
432 1467 462 1516 et
475 1457 512 1515 ad
528 1456 605 1531 ipsas
623 1454 789 1532 principum
805 1474 897 1525 aures,
914 1455 1008 1516 Osuiu
1021 1456 1163 1517 uidelicet

96 1619 98 1627 y
167 1551 243 1627 regis
266 1563 294 1611 et
317 1551 368 1610 filii
391 1551 452 1611 eius
473 1551 623 1611 Alchlridi.
663 1550 713 1627 qui
735 1549 872 1609 nimirum
896 1550 990 1611 Osuiu
1014 1570 1032 1609 a
1053 1552 1162 1612 Scottis

169 1648 291 1707 edoctus
305 1667 341 1706 ac
355 1647 526 1726 baptizatus
547 1648 661 1708 illorum
680 1648 769 1707 etiam
786 1648 888 1724 lingua
905 1649 1016 1725 optime
1031 1648 1162 1721 inbutus,

169 1744 210 1803 nil
237 1744 340 1803 melius
368 1764 457 1821 quam
485 1747 566 1822 quod
592 1745 634 1804 illi
661 1744 832 1805 docuissent
858 1747 1046 1818 autumabat3
1075 1739 1162 1822 porro
1179 1764 1214 1829 15
1282 1809 1284 1834 Ι

168 1840 300 1899 Alchsrid
314 1841 482 1917 magistrum
496 1843 607 1901 habens
622 1841 793 1902 eruditionis
808 1841 991 1903 Christianae
1004 1843 1163 1903 Villridum
1282 1845 1284 1918 ξ

168 1932 264 1993 uirum
278 1933 481 1993 doctissimum
492 1920 573 2011 (nam
588 1946 616 1995 et
628 1938 757 1995 Romam
771 1936 850 2013 prius
863 1949 983 2014 propter
996 1938 1163 1998 doctrinam
1282 1929 1284 1950 ⁵

169 2029 397 2090 ecclesiasticam
427 2031 537 2090 adierat
565 2042 593 2090 et
621 2032 702 2108 apud
730 2034 881 2091 Dalfinum
908 2033 1163 2110 archiepiscopum

169 2126 329 2185 Galliarum
351 2125 490 2202 Lugduni
510 2128 635 2210 multum
658 2127 799 2204 temporis
822 2138 928 2204 egerat,
952 2148 970 2187 a
991 2148 1052 2204 quo
1073 2129 1163 2188 etiam
1282 2202 1284 2207 Ι

170 2234 307 2283 tonsurae
331 2222 547 2283 ecclesiasticae
568 2243 708 2283 coronam
732 2225 922 2300 susceperat),
947 2224 1033 2284 huius
1056 2224 1163 2285 doctri·
1178 2248 1219 2289 ao
1282 2219 1284 2265 ³

170 2337 239 2377 nam
264 2317 402 2376 omnibus
429 2320 595 2378 Scottorum
623 2318 829 2379 traditionibus
855 2318 917 2378 iure
941 2322 1164 2396 praeferendam
1282 2319 1284 2322 ’

170 2414 297 2473 sciebat:
330 2416 409 2474 unde
438 2414 466 2474 ei
490 2415 578 2474 etiam
600 2416 763 2475 donauerat
784 2416 1043 2476 monasteriumxl
1062 2415 1165 2475 famili-

169 2525 251 2566 arum
265 2506 296 2565 in
310 2508 377 2567 loco
395 2508 447 2583 qui
465 2508 570 2567 dicitur
587 2510 756 2586 Inhrypurn
800 2495 890 2585 quem
907 2508 1046 2569 uidelicet
1063 2511 1163 2570 locum

169 2604 258 2681 paulo
285 2614 354 2663 ante
378 2604 420 2664 eis
445 2604 495 2680 qui
521 2606 636 2664 Scottos
665 2607 864 2681 sequebantur
889 2605 919 2664 in
946 2605 1163 2683 possessiouem

170 2698 337 2759 monasterii
358 2702 489 2772 dederat,
511 2702 563 2759 sed
585 2702 655 2777 quia
675 2701 717 2760 illi
736 2705 927 2778 postmodum
948 2704 1018 2763 data
1037 2703 1093 2764 sibi
1113 2724 1165 2781 op
1178 2726 1217 2784 ²5

171 2796 251 2857 tione
265 2798 357 2877 magis
371 2799 438 2857 loco
453 2798 557 2857 cedere
577 2817 667 2873 quam
686 2818 770 2858 suam
788 2812 901 2859 mutare
918 2801 1164 2861 consuetudinem

171 2897 319 2969 uolebant,
349 2895 431 2956 dedit
459 2912 526 2954 eum
554 2893 595 2952 illi
622 2894 674 2970 qui
701 2895 821 2971 dignam
849 2898 916 2956 loco
944 2907 973 2957 et
999 2896 1164 2957 doctrinam

170 2989 291 3050 haberet
317 3001 347 3050 et
368 2989 468 3049 uitam.
510 2999 630 3048 uenerat
655 3009 692 3049 eo
715 3001 848 3068 tempore
871 2992 1056 3068 Agilberctus
1079 2994 1166 3055 Ooci·

153 3085 333 3145 ·dentalium
364 3088 511 3145 Saxonum
539 3084 705 3161 episcopus,
735 3086 819 3145 cuius
852 3107 940 3165 supra
966 3088 1163 3161 meminimus,

171 3180 284 3241 amicus
307 3180 451 3241 Alchsridi
472 3180 547 3256 regis
570 3192 599 3240 et
620 3180 739 3241 Vilsridi
765 3182 887 3257 abbatis,
916 3185 955 3244 ad
981 3184 1164 3262 prouinciam
1179 3212 1220 3268 30

171 3278 482 3355 Nordanhymbrorum
508 3287 537 3336 et
563 3278 642 3353 apud
668 3297 719 3337 eos
743 3278 912 3355 aliquandiu
939 3282 1166 3359 demorabatur3

172 3371 224 3449 qui
237 3372 325 3460 etiam
338 3372 495 3432 Vilfridum
509 3382 612 3449 rogatu
625 3372 770 3449 Alchsridi
788 3374 818 3433 iu
837 3378 967 3451 praefato
981 3395 1036 3437 suo
1049 3387 1167 3437 monas-
1187 3424 1196 3437 .

556 3481 578 3517 ²⁹
593 3482 709 3547 Lugduni
724 3499 771 3533 ms.
