2592 3834
146 263 202 322 150
266 255 401 306 osam
424 255 473 304 or
488 253 690 310 exornares.
710 249 808 302 xrnrc
830 251 878 301 oa*
893 247 1021 300 seam·
1075 231 1135 314 [IV

142 390 217 448 dans
236 387 299 464 ipse
320 386 351 445 in
372 383 541 462 saepedicto
561 384 736 441 famulorum
757 381 988 456 famularumque
1007 379 1055 440 dei
1073 399 1136 440 mo·
1215 379 1216 382 ’

144 483 277 553 nasterio‚
306 482 388 557 quod
421 471 544 539 uocatur
575 477 815 548 streanaeshalch,
850 478 949 536 locum
976 476 1136 536 mansionis

143 579 231 656 elegit
239 599 248 652 3
268 579 368 654 ibique
384 597 452 636 eum
467 574 569 651 paucis
587 593 707 633 suorum
720 575 752 632 in
765 574 939 632 monachica
955 573 1135 634 districtione

142 675 234 735 uitam
255 694 317 733 non
339 672 395 733 sibi
417 671 604 731 solummodo
627 671 681 730 sed
703 679 732 729 et
754 669 853 729 multis
879 670 982 729 utilem
1009 673 1135 747 plurimo

143 792 286 832 annorum
309 782 440 845 tempore
462 767 553 826 duxit.
594 765 646 826 ubi
669 765 757 825 etiam
776 767 939 838 defunctus,
959 768 989 827 in
1012 768 1135 828 ecclesia
1167 785 1183 842 5

143 866 223 927 beati
237 866 314 926 Petri
328 863 453 940 apostoli
469 863 551 923 iuxta
566 865 710 923 honorem
724 873 754 923 et
766 862 829 922 uita
842 873 872 921 et
884 864 977 938 gradu
991 862 1053 922 eius
1067 882 1135 922 con-

144 961 266 1038 dignum
282 959 419 1019 conditus
433 969 485 1017 est
527 969 659 1034 praeerat
677 957 797 1034 quidem
815 967 887 1015 tunc
905 955 1002 1016 eidem
1020 976 1134 1017 monas·

143 1057 216 1117 terio
230 1056 308 1132 regia
320 1055 403 1132 uirgo
415 1055 552 1115 Aelbfled
569 1075 630 1114 una
647 1075 716 1114 cum
735 1066 826 1114 matre
846 1055 996 1128 Eanflede‚
1011 1075 1134 1131 quarum

144 1174 230 1231 supra
250 1153 373 1214 fecimus
396 1152 586 1212 mentionem.
629 1153 682 1214 sed
704 1151 880 1211 adueniente
903 1151 972 1210 illuc
994 1152 1134 1229 episcopo

144 1250 302 1311 maximum
325 1249 447 1326 regendi
469 1248 610 1308 auxilium
633 1249 720 1308 simul
743 1259 773 1308 et
794 1268 863 1308 suae
890 1249 969 1308 uitae
993 1250 1133 1310 solacium
1149 1264 1185 1302 10

144 1351 254 1409 deuota
274 1349 332 1407 deo
355 1345 469 1407 doctrix
491 1345 611 1405 inuenit
655 1346 795 1406 successit
821 1358 919 1406 autem
944 1348 1082 1426 Ecgfrido
1103 1345 1134 1408 in

143 1463 265 1520 regnum
283 1443 400 1504 Aldfrid
417 1442 462 1502 uir
479 1442 510 1501 in
528 1441 677 1517 scripturis
695 1441 890 1515 doctissimus
905 1441 956 1517 qui
973 1444 1059 1502 frater
1072 1443 1134 1504 eius

145 1551 175 1600 et
196 1541 273 1600 filius
297 1539 392 1602 Osuiu
415 1538 491 1615 regis
512 1558 577 1598 esse
604 1538 764 1613 dicebatur,
792 1539 1031 1616 destructumque
1053 1541 1135 1618 regni

145 1647 260 1710 statum,
284 1634 419 1712 quamuis
442 1635 518 1695 intra
537 1637 611 1694 fines
637 1633 827 1710 angustiores,
855 1633 991 1693 nobiliter
1017 1654 1135 1713 recupe-

144 1731 226 1791 rauit.
1150 1742 1183 1800 15

206 1829 275 1902 Quo
298 1826 437 1887 uidelicet
458 1847 545 1900 anno,
566 1825 616 1904 qui
640 1837 685 1886 est
708 1828 746 1886 ab
762 1825 963 1888 incarnatione
986 1827 1136 1890 dominica

146 1924 280 1995 dclxxxv,
296 1922 436 1982 Hlotheri
450 1922 675 1983 cantuariorum
694 1943 751 1994 rex,
768 1942 835 1981 cum
853 1934 921 1998 post
940 1924 1135 2000 Ecgberctum

146 2022 263 2079 fratrem
277 2039 363 2079 suum
376 2019 428 2096 qui
441 2016 504 2078 uiiii
517 2019 601 2078 annis
615 2030 787 2095 regnauerat
800 2018 863 2094 ipse
877 2019 917 2078 xii
927 2019 1011 2079 annis
1021 2040 1136 2096 regnas-

144 2124 199 2188 set,
216 2124 347 2173 mortuus
367 2124 427 2172 erat
445 2113 497 2172 uiii
514 2113 581 2173 idus
600 2113 778 2173 Februarias.
820 2116 989 2174 uulneratus
1007 2134 1136 2192 namque

147 2221 192 2271 est
209 2210 239 2270 in
258 2227 357 2286 pugna
374 2210 554 2270 Australium
572 2212 722 2270 Saxonum
740 2231 815 2288 quos
834 2223 937 2271 contra
956 2233 1024 2273 eum
1046 2213 1135 2274 Edric
1149 2223 1186 2262 ²0

146 2306 222 2366 filius
242 2305 397 2383 Ecgbercti
417 2307 596 2382 adgregarat,
617 2317 647 2365 et
667 2304 744 2364 inter
766 2307 946 2365 medendum
966 2308 1135 2381 defunctus;

146 2421 182 2460 ac
203 2413 272 2478 post
294 2423 363 2462 eum
387 2403 468 2462 idem
490 2402 581 2460 Edric
601 2419 682 2460 anno
705 2419 766 2460 uno
788 2419 824 2458 ac
847 2399 970 2460 dimidio
994 2403 1134 2476 regnauit.

147 2519 207 2575 quo
229 2501 369 2561 defuncto
387 2518 509 2576 regnum
526 2499 599 2558 illud
614 2498 736 2574 aliquod
756 2499 895 2574 temporis
911 2499 1037 2574 spatium
1053 2520 1136 2577 reges

148 2594 230 2654 dubii
263 2598 312 2654 uel
348 2594 460 2655 externi
491 2593 747 2671 disperdiderunt3
781 2595 878 2654 donec
908 2594 1054 2671 legitimus
1085 2615 1137 2654 rex

147 2690 278 2764 Victred‚
297 2691 329 2752 id
349 2703 394 2751 est
415 2690 492 2750 filius
521 2681 687 2765 Ecgbercti,
709 2690 889 2749 confortatus
910 2688 942 2748 in
962 2709 1053 2765 regno
1074 2692 1137 2751 reli-
1150 2705 1184 2764 25

147 2787 235 2864 gione
250 2787 337 2847 simul
351 2798 380 2848 et
393 2784 536 2846 industria
548 2796 668 2862 gentem
682 2785 817 2845 suamab
831 2795 969 2844 extranea
984 2785 1136 2847 inuasione

148 2885 290 2946 liberaret
321 2863 335 2888 ⁶

568 3022 715 3106 [xxvii]

156 3163 262 3285 IPSO
282 3159 371 3220 etiam
386 3179 465 3218 anno
482 3179 542 3236 quo
556 3162 646 3220 finem
660 3160 739 3220 uitae
752 3159 867 3237 accepit
880 3180 931 3220 rex
946 3160 1065 3236 Ecglrid
1080 3159 1138 3239 epi-

223 3275 346 3333 scopum
364 3265 398 3314 ut
421 3254 548 3314 diximus
572 3256 683 3315 fecerat
704 3255 832 3315 ordinari
857 3254 1137 3316 Lindissarnensium
1150 3273 1188 3329 30

149 3353 291 3414 eeclesiae
305 3352 400 3412 uuum
414 3363 549 3412 sanctum
563 3363 593 3413 et
606 3351 806 3412 uenerabilem
821 3353 1023 3413 Cudberctum
1039 3353 1137 3430 qui‘in

308 3464 331 3498 ²⁸
345 3465 438 3530 altbuot
453 3481 499 3516 ms.
799 3464 820 3501 ²⁸
836 3466 922 3516 XXV
931 3483 978 3518 ms.
