2592 3834
118 241 171 321 ,9p
267 210 316 303 J
430 218 555 290 virson
576 240 624 291 oF
640 240 811 293 nursam.
1069 240 1108 306 55
1149 217 1154 227 '

317 322 321 347 .

114 395 180 437 esse
204 391 290 449 rogus
314 369 442 442 uidetur,
465 380 564 429 tamen
592 369 674 429 iuxta
699 369 803 430 merita
830 388 952 447 operum
980 370 1110 449 singulos

113 469 271 540 examinat,
286 468 356 544 quia
374 465 604 541 uniuscuiusque
622 465 768 542 cupiditas
786 465 817 525 in
832 466 892 526 hoc
908 466 968 543 igni
985 467 1107 528 ardebit

113 566 192 627 sicut
211 564 290 624 enirn
311 562 377 639 quis
395 562 478 621 ardet
495 561 526 619 in
544 579 666 637 corpore
684 580 737 637 per
756 560 897 621 inlicitam
918 563 1109 639 uoluptatem,

111 661 155 721 ita
169 661 281 721 solutus
295 676 418 735 corpore
432 656 546 717 ardebit
558 675 612 733 per
624 657 756 717 debitam
769 660 915 733 poenam!
948 669 1021 717 tuuc
1034 659 1110 721 uidit

81 782 97 841 5
111 777 206 817 unum
221 757 259 817 de
273 755 364 815 tribus
378 752 489 833 angelis
503 752 554 829 qui
567 752 623 812 sibi
643 752 675 811 in
691 765 754 813 tota
771 765 895 830 utraque
911 753 1026 815 uisione
1039 756 1111 815 duc·

109 864 191 912 tores
204 852 360 915 adfuemnt
373 848 598 925 praecedentem
608 847 691 924 ignes
699 849 833 908 flammae
842 849 984 923 diuidere,
992 862 1022 910 et
1033 852 1109 911 duos

111 952 152 1009 ab
170 959 297 1024 utroque
314 949 403 1005 latere
423 944 668 1005 circumuolantes
684 947 723 1004 ab
741 944 852 1021 ignium
866 966 898 1005 se
912 947 1043 1023 periculo
1060 948 1112 1009 de.

111 1045 243 1103 tendere.
268 1042 343 1101 uidit
355 1052 456 1100 autem
471 1052 500 1100 et
514 1042 677 1102 daemones
688 1060 741 1117 per
753 1043 851 1117 ignem
865 1044 999 1103 uolantes
1011 1044 1111 1103 incen-

87 1196 92 1203 ,
111 1138 164 1197 dia
174 1139 320 1197 bellomm
331 1148 433 1195 contra
443 1136 534 1196 iustos
546 1148 663 1196 struere.
693 1122 854 1213 sequuntur
863 1139 1002 1198 aduersus
1013 1138 1110 1215 ipsum

67 1258 99 1297 ro
112 1232 317 1292 accusationes
349 1231 542 1308 malignomm
569 1230 755 1291 defensiones
782 1232 936 1309 spirituum
962 1235 1116 1306 bonomm,

113 1330 265 1407 copiosior
284 1329 451 1389 caelestium
466 1329 614 1406 agminum
633 1328 719 1399 uisi0,
737 1330 790 1388 sed
810 1339 840 1388 et
857 1329 986 1389 uiromm
1002 1331 1040 1390 de
1056 1350 1110 1389 sua

112 1424 236 1485 natione
250 1435 426 1498 sanctorum,
441 1443 515 1501 quos
529 1424 600 1484 olim
618 1423 773 1484 sacerdotii
790 1425 881 1500 gradu
895 1444 961 1495 ⁴non
977 1424 1110 1502 ignobili·

112 1533 160 1583 ter
180 1523 291 1600 potitos
312 1524 390 1581 fama
413 1521 472 1581 iam
493 1523 632 1598 uulgante
655 1533 854 1597 compererat3
878 1541 896 1581 a
918 1521 1026 1598 quibus
1047 1542 1109 1581 non

111 1637 209 1694 pauca
225 1636 303 1693 quae
316 1617 364 1676 uel
377 1615 433 1693 ipsi
446 1618 495 1676 uel
508 1616 646 1676 omnibus
665 1615 717 1692 qui
734 1617 835 1676 audire
854 1618 963 1677 uellent
981 1619 1110 1676 multum

69 1733 97 1790 15
112 1713 241 1774 salubria
266 1723 364 1774 essent
386 1712 505 1773 audiuit
548 1713 599 1790 qui
623 1732 691 1772 cum
718 1715 808 1772 uerba
832 1713 963 1774 finissent
986 1724 1016 1773 et
1040 1734 1108 1774 cum

112 1811 253 1888 angelicis
274 1810 420 1887 spiritibus
442 1810 498 1887 ipsi
518 1829 638 1887 quoque
659 1810 699 1869 ad
720 1810 818 1869 caelos
838 1811 974 1882 redirent,
995 1830 1109 1871 reman-

112 1919 213 1969 semnt
226 1928 295 1968 cum
308 1910 396 1968 beato
415 1910 524 1967 Furseo
538 1918 597 1967 tres
615 1908 712 1983 angeli
730 1909 768 1967 de
787 1905 893 1983 quibus
907 1906 1041 1979 diximus,
1056 1909 1113 1984 qui.

113 2024 182 2065 eum
203 2008 244 2066 ad
265 2024 372 2081 corpus
395 2005 540 2064 referrent.
590 2023 717 2082 cumque
739 2005 870 2081 praelato
894 2002 955 2081 igni
978 2005 1108 2067 maximo

112 2100 329 2177 adpropiarent,
344 2100 443 2171 diuisit
457 2099 578 2175 quidem
597 2101 718 2176 angelus
735 2100 809 2160 sicut
822 2099 901 2177 prius
914 2100 1013 2176 ignem'
1026 2101 1108 2159 flam·

69 2212 101 2249 20
114 2216 187 2259 mae.
230 2198 283 2257 sed
304 2197 349 2257 uir
368 2197 416 2257 dei
434 2197 485 2256 ubi
505 2198 543 2256 ad
566 2198 743 2274 patefactam
763 2216 857 2273 usque
877 2196 954 2256 inter
973 2198 1105 2258 flammas

113 2293 231 2354 ianuam
250 2293 392 2373 pemenit,
414 2292 585 2371 arripientes
604 2292 739 2352 inmundi
759 2292 876 2370 spiritus
893 2313 985 2352 uuum
1005 2295 1044 2354 de
1063 2292 1105 2354 eis

114 2408 189 2465 quos
201 2388 233 2447 in
246 2388 362 2465 ignibus
375 2389 526 2471 torrebant
538 2386 721 2447 iactauemnt
734 2388 766 2447 in
780 2406 848 2448 eum
861 2398 892 2446 et
901 2387 1105 2464 contingentes

114 2482 267 2543 humemm
280 2483 489 2559 maxillamque
502 2483 563 2543 eius
577 2483 777 2555 incendemnt,
797 2482 995 2560 cognouitque
1013 2482 1107 2542 homi-

114 2594 183 2635 nem
196 2589 234 2651 et,
249 2576 320 2653 quia
337 2574 546 2636 uestimentum
567 2576 629 2637 eius
648 2576 798 2637 morientis
817 2575 970 2653 acceperit,
990 2578 1029 2635 ad
1048 2595 1107 2636 me-

70 2688 101 2745 25
116 2672 237 2733 moriam
258 2671 380 2732 reduxit.
423 2691 512 2747 quem
532 2676 655 2749 angelus
678 2684 796 2733 sanctus
823 2672 921 2733 statim
947 2673 1108 2749 adprehen-

116 2766 190 2827 dens
202 2766 345 2844 inignem
363 2765 472 2827 reiecit.
513 2767 689 2846 dicebatque
706 2768 798 2829 hostis
815 2768 977 2845 malignus:
999 2767 1106 2830 ‘nolite

116 2865 251 2940 repellere
265 2883 356 2941 quem
369 2875 438 2924 ante
451 2864 635 2941 suscepistis:
655 2885 725 2924 nam
742 2865 817 2926 sicut
833 2867 914 2937 bona
927 2866 989 2925 eius
1003 2883 1107 2940 pecca·

117 2959 187 3021 toris
200 2960 374 3037 suscepistis,
388 2959 429 3020 ita
442 2970 471 3019 et
485 2960 635 3037 depoenis
650 2961 713 3021 eius
726 2961 881 3038 participes
896 2980 960 3020 esse
974 2961 1106 3020 debetis'

116 3055 316 3116 contradicens
346 3058 466 3133 angelus
493 3060 587 3117 ‘non’
607 3056 703 3134 inquit
724 3061 859 3132 ‘propter
880 3054 1032 3115 auaritiam
1052 3056 1105 3114 sed

71 3174 105 3231 30
117 3163 232 3231 propter
243 3155 415 3214 saluandam
428 3155 491 3215 eius
504 3154 632 3215 animam
647 3154 776 3230 suscepit
784 3154 802 3212 :’
823 3151 1006 3234 cessauitque
1019 3150 1103 3227 ignis.

18 3268 20 3277 ’
118 3258 150 3309 et
162 3266 315 3325 conuersus
332 3252 371 3310 ad
390 3270 457 3311 eum
477 3253 598 3327 angelus
611 3252 718 3326 =‘qu0d
735 3248 908 3310 incendisti'
921 3246 1016 3323 inquit
1030 3250 1105 3310 ‘hoc

117 3340 185 3403 arsit
199 3344 228 3403 in
245 3355 281 3405 te.
309 3345 349 3407 si
367 3345 446 3405 enim
466 3334 553 3407 huius
573 3345 628 3405 uiri
647 3345 679 3405 in
698 3344 827 3421 peccatis
847 3341 907 3408 suis
927 3342 1036 3404 mortui
1054 3362 1104 3421 pe-

183 3442 430 3511 ‘uoluntatemms-
504 3518 509 3529 ·
551 3458 716 3509 ”nationis
845 3436 869 3488 ἦ
884 3455 1038 3504 debeatisms.
