2592 3834
141 232 258 317 ηοω]
443 253 548 304 rnre.
583 254 816 306 CUTHBERCT.
1076 243 1128 304 181

617 433 647 492 V

119 542 379 671 OBSECRQ
399 556 434 606 ut
457 545 619 622 quemlibet
642 545 748 606 horum
771 546 910 607 librorum
937 545 1074 623 adquiras
1102 559 1131 607 et

247 641 335 702 nobis
361 641 476 702 mittere
500 643 637 719 digneris,
659 664 734 722 quos
754 646 862 705 beatae
881 643 1024 708 memoria
1051 637 1132 705 Beda

139 736 283 813 presbiter
293 740 435 816 exposuit,
447 743 485 800 ad
499 741 734 802 consolationem
746 741 987 819 peregrinationis
1001 753 1131 816 nostrae;

111 832 171 905 sid
185 844 229 892 est
247 833 278 894 in
296 835 421 910 primam
440 847 554 913 partem
569 837 712 897 Samuelis
726 857 818 914 usque
839 840 878 896 ad
898 849 1024 898 mortem
1038 839 1131 898 Saulis

138 927 230 989 libros
251 941 397 1007 quattuor,
417 931 481 992 siue
505 931 536 991 in
558 935 682 992 Esdram
704 944 734 992 et
755 936 783 992 N
787 933 932 993 ehemiam
953 933 1042 993 libros
1063 945 1130 1012 tres,

140 1027 187 1084 uel
213 1026 245 1084 in
272 1027 459 1104 euangelium
487 1027 583 1088 Marci
613 1029 704 1088 libros
730 1040 875 1105 quattuor.
927 1029 1027 1106 grauia
1057 1030 1130 1089 forte

138 1123 259 1197 postulo
266 1143 276 1196 3
296 1123 349 1182 sed
362 1122 436 1181 nihil
448 1143 536 1199 graue
549 1142 636 1183 uerae
650 1123 763 1186 caritati
776 1125 904 1201 iniungo.

612 1296 658 1354 VI

93 1428 129 1468 ιο
146 1406 362 1532 PETIMVS
383 1404 481 1479 etiam,
502 1417 535 1466 ut
554 1407 591 1466 ad
612 1403 846 1467 consolationem
863 1426 925 1487 non
939 1409 1034 1466 solum
1051 1425 1132 1483 pere·

90 1508 94 1516 '
227 1501 400 1578 grinationis
420 1505 473 1563 sed
493 1502 583 1562 etiam
602 1502 777 1563 infirmitatis
801 1516 918 1564 nostrae
939 1504 1028 1564 libros
1049 1505 1129 1576 istos,
1160 1563 1162 1571 ,

140 1617 159 1657 a
178 1598 283 1658 beatae
303 1599 463 1659 memoriae
485 1601 567 1659 Beda
593 1600 752 1676 expositos,
781 1602 895 1662 mittere
919 1601 1063 1678 digneris:
1091 1601 1131 1663 de

140 1694 345 1754 aedificatione
358 1694 470 1771 templi,
481 1698 530 1754 uel
542 1695 574 1754 in
587 1696 704 1755 cantica
714 1695 902 1770 canticorum,
915 1695 976 1756 siue
991 1695 1131 1774 epigram·
1168 1705 1170 1710 '

107 1818 108 1830 ¹
140 1803 252 1853 matum
276 1793 395 1854 heroico
416 1806 510 1854 metro
531 1792 594 1852 siue
614 1789 745 1868 elegiaco
759 1793 997 1869 conpositomm3
1024 1792 1049 1852 si
1068 1793 1131 1854 lieri

93 1906 127 1967 15
139 1900 248 1966 potest,
263 1909 376 1962 omnes,
394 1890 439 1949 sin
453 1902 560 1962 autem,
580 1891 618 1950 de
632 1889 836 1950 aedificatione
851 1889 952 1967 templi
963 1890 1051 1951 libros
1062 1902 1126 1950 tres

138 1987 270 2048 fortassis
280 1987 406 2048 difficilis
416 1987 534 2064 petiti03
548 1989 600 2047 sed
614 1986 687 2045 nihil
700 1987 822 2048 arbitror
836 2006 900 2048 esse
914 1987 1030 2047 difficile
1044 2008 1130 2049 uerae

139 2083 261 2144 caritati.

601 2214 665 2271 VII

147 2325 344 2453 INSVPER
364 2326 452 2386 etiam
472 2325 586 2396 librum,
608 2344 697 2401 quem
718 2323 895 2384 clarissimus
916 2324 1060 2384 ecclesiae
1081 2324 1130 2386 dei

91 2444 129 2483 20
220 2424 357 2501 magister
375 2424 475 2483 Baeda
493 2424 532 2483 de
551 2422 686 2482 aedificio
707 2422 808 2498 templi
828 2421 992 2498 conposuit,
1007 2426 1046 2485 ad
1059 2417 1130 2485 con·

141 2523 315 2582 solationem
337 2533 403 2580 tuae
423 2518 650 2596 peregrinationi
669 2518 783 2579 mittere
803 2518 902 2578 curaui
911 2540 920 2593 3
939 2529 1020 2578 tuam
1033 2523 1131 2582 frater·

139 2615 262 2677 nitatem
286 2615 432 2675 humiliter
455 2616 621 2688 obsecrans,
642 2625 675 2673 ut
697 2613 768 2674 olim
794 2614 949 2675 condictae
976 2615 1052 2676 inter
1074 2637 1129 2678 nos

140 2714 284 2774 amicitiae
302 2714 421 2773 foedera
434 2732 527 2789 usque
548 2713 586 2772 ad
600 2713 689 2770 finem
703 2697 817 2770 firmum
831 2711 979 2772 custodire
992 2712 1127 2790 digneris,

140 2809 170 2868 in
184 2811 243 2869 hoc
255 2809 393 2868 uidelicet
407 2809 551 2868 maxime:
572 2809 652 2885 quod
668 2827 734 2866 cum
752 2807 807 2868 tuis
826 2808 971 2880 omnibus,
987 2829 1062 2886 quos
1076 2811 1129 2870 tibi

94 2923 127 2983 ²5
141 2904 241 2963 diuina
261 2903 441 2980 dispensatio
461 2903 553 2962 uoluit
574 2921 639 2962 esse
661 2902 816 2976 subiectos,
841 2921 895 2980 pro
914 2903 1128 2967 infirmitatibri‘s

140 2999 213 3060 meis
229 3000 309 3076 apud
326 2996 487 3076 ¹supernum
500 2997 627 3059 iudicem
641 2999 759 3058 sedulus
773 2997 947 3058 intercessor
959 2999 1075 3061 existas

187 3145 301 3195 1Lullus
319 3146 355 3209 (in
374 3145 490 3196 Bonifatii
507 3161 539 3209 ep
560 3158 604 3193 raa
620 3161 638 3209 p
654 3142 709 3208 288)
727 3151 753 3195 to
773 3144 858 3194 Coena
875 3145 925 3209 abp
944 3145 973 3195 ol
989 3145 1059 3196 York
1077 3153 1128 3211 (An

141 3207 301 3324 767⁹-biriliis
318 3274 380 3335 (ibid
397 3290 429 3337 ep
447 3287 490 3336 123
507 3289 524 3338 p
541 3272 597 3338 289)
612 3280 639 3323 to
658 3273 794 3323 Guthberct
810 3289 838 3322 or
857 3273 994 3324 Cuthberct
1010 3275 1131 3326 abbatos

140 3338 302 3389 Wearmouth
318 3340 367 3387 and
377 3339 479 3402 Jarrow.

187 3400 209 3436 ¹⁸
226 3404 380 3452 Gudberctus
396 3418 425 3450 or
440 3401 574 3451 Guthberct
590 3402 666 3452 abbat
682 3401 710 3452 ol
724 3401 886 3452 Wearmouth
902 3401 951 3452 and
960 3403 1055 3470 Jarrow
1064 3405 1127 3468 (ibid
1206 3464 1209 3472 y

138 3481 171 3536 ep
184 3481 257 3534 ra4p
269 3469 326 3533 290)
337 3475 363 3518 to
374 3465 440 3518 Lull.
