2592 3834
166 221 204 278 82
444 237 596 287 canona
614 231 727 285 Maura
747 235 889 284 assason
1092 215 1157 298 [ΙΙΙ

166 375 270 442 postea
282 377 421 444 regnante
436 366 574 444 Eegsrido
592 363 756 443 Hrypensis
774 363 915 424 ecclesiae
933 363 1049 439 praesul
1066 363 1159 421 factus

167 473 219 522 est
265 483 369 522 uemm
392 463 434 523 illi
458 463 596 524 Cantiam
618 461 824 539 peruenientes
851 460 1026 520 inuenerunt
1053 459 1160 520 archie-

166 558 322 635 piscopum
345 559 511 618 Deusdedit
533 559 592 617 iam
615 557 753 634 migrasse
777 557 815 616 de
839 557 957 615 saeculo
980 566 1010 615 et
1031 555 1159 615 necdum

168 653 259 712 alium
279 673 333 730 pro
353 673 391 713 eo
414 655 605 713 constitutum
629 654 717 712 luisse
737 652 916 728 pontificem.
957 651 1038 712 unde
1059 651 1160 710 deuer-

168 761 266 810 terunt
292 753 331 810 ad
357 751 540 827 prouinciam
567 750 806 812 occidentalium
836 751 994 821 Saxonum,
1021 745 1072 807 ubi
1099 759 1161 808 erat
1196 767 1213 826 5

167 847 239 906 Vini
263 848 436 924 episcopus:
469 859 500 908 et
520 849 558 908 ab
586 848 637 907 illo
661 858 704 907 est
731 847 777 906 uir
801 848 947 923 praefatus
975 855 1161 904 consecratus

168 943 297 1017 antistes
326 944 468 1003 adsumtis
495 943 526 1003 in
553 944 724 1004 societatem
758 941 948 1002 ordinationis
979 941 1095 1002 duobus
1122 942 1161 1000 de

169 1043 343 1100 Brettonum
364 1051 451 1116 gente
470 1039 625 1116 episcopis,
649 1038 700 1115 qui
722 1038 904 1098 dominicum
924 1038 1051 1114 paschae
1071 1037 1160 1110 diem,

169 1147 202 1195 ut
218 1137 334 1213 saepius
348 1137 460 1196 dictum
474 1148 527 1208 est,
538 1155 623 1196 secus
636 1155 749 1194 morem
763 1133 938 1194 canonicum
951 1154 969 1193 a
982 1133 1057 1194 xiiiia
1069 1153 1162 1210 usque

170 1232 209 1291 ad
227 1241 301 1290 xx²¹¹¹
313 1233 413 1291 lunam
427 1233 583 1291 celebrant.
619 1251 680 1291 non
697 1230 776 1290 enim
790 1241 851 1290 erat
864 1241 936 1289 tunc
949 1230 1025 1288 ullus
1039 1238 1162 1304 excepto
1179 1247 1216 1284 10

170 1330 221 1389 illo
242 1330 320 1403 Vine
344 1329 375 1388 in
396 1340 459 1388 tota
485 1327 626 1388 Brittania
653 1327 795 1388 canonice
822 1327 971 1386 ordinatus
998 1325 1160 1404 episcopus.

129 1503 132 1508 .
171 1436 356 1485 consecratus
370 1444 439 1502 ergo
450 1425 481 1484 in
494 1424 666 1502 episcopum
678 1425 800 1485 Ceadda
813 1424 970 1483 maximam
983 1442 1053 1482 mox
1065 1423 1162 1500 coepit

172 1520 384 1580 ecclesiasticae
398 1519 513 1580 ueritati
526 1530 556 1579 et
569 1519 694 1578 castitati
708 1538 808 1578 curam
823 1519 992 1595 inpendere,
1007 1519 1163 1580 humilitati

172 1615 371 1674 continentiae
392 1615 512 1674 lectioni
533 1633 652 1690 operam
673 1616 751 1686 dare,
772 1615 881 1691 oppida
898 1633 1062 1673 ruracasas
1081 1614 1164 1674 uicos

173 1712 291 1770 castella
304 1722 423 1786 propter
440 1709 703 1786 euangelizandum
721 1728 781 1767 non
800 1708 961 1785 equitando
978 1709 1030 1768 sed
1048 1719 1164 1783 aposto·
1180 1721 1216 1780 15
1290 1773 1295 1802 ;

173 1810 268 1867 lorum
289 1827 372 1866 more
395 1808 519 1883 pedibus
541 1805 709 1866 incedendo
729 1825 887 1883 peragrare.
939 1816 1000 1865 erat
1024 1805 1103 1864 enim
1124 1805 1163 1865 de

173 1902 323 1978 discipulis
345 1901 462 1974 Aidani,
485 1901 655 1977 eisdemque
678 1901 790 1961 actibus
814 1921 849 1960 ac
870 1901 999 1961 moribus
1019 1899 1099 1960 iuxta
1119 1919 1165 1960 ex-

110 2005 115 2010 “
175 2003 306 2076 emplum
332 1999 395 2059 eius
418 2018 454 2057 ac
475 1998 568 2057 fratris
589 1999 635 2057 sui
660 1998 756 2058 Ceddi
780 2017 849 2056 suos
875 1997 1024 2056 instituere
1052 1997 1164 2056 curauit

175 2098 330 2158 auditores.
367 2096 489 2155 ueniens
503 2115 622 2172 quoque
636 2095 807 2154 Brittaniam
821 2095 926 2154 Vilfrid
938 2093 997 2153 iam
1011 2095 1165 2174 episcopus

174 2197 268 2253 sactus
282 2204 311 2253 et
325 2192 386 2268 ipse
403 2194 538 2268 perplura
556 2193 716 2252 catholicae
736 2190 946 2252 obseruationis
965 2191 1166 2251 moderamina
1180 2208 1217 2246 20
1283 2179 1294 2262 J

175 2289 306 2350 ecclesiis
320 2290 483 2364 Anglorum
499 2307 552 2347 sua
570 2289 703 2348 doctrina
721 2287 853 2348 contulit.
894 2288 974 2346 unde
988 2288 1164 2360 factumest,

176 2396 208 2445 ut
223 2393 371 2444 crescente
385 2402 438 2458 per
451 2384 514 2442 dies
532 2382 716 2442 institutione
731 2383 874 2468 catholica
893 2381 985 2441 Scotti
999 2401 1100 2442 omnes
1115 2382 1166 2458 qui

176 2483 252 2541 inter
275 2483 387 2556 Anglos
410 2481 598 2543 morabantur
620 2490 671 2538 aut
695 2479 739 2538 his
761 2498 864 2538 manus
887 2480 988 2538 darent
1012 2487 1061 2536 aut
1083 2497 1165 2536 suam

176 2578 305 2638 redirent
319 2579 358 2637 ad
370 2577 501 2653 patriam.

623 2887 730 2945 xxix
1182 2891 1215 2950 25

1279 2927 1296 2978 :J-

187 3041 294 3166 HIS
315 3040 495 3118 temporibus
512 3060 594 3118 reges
611 3043 774 3118 Anglorum
793 3039 973 3116 nobilissimi,
992 3039 1086 3101 Osuiu
1104 3059 1169 3117 pro·

278 3134 394 3197 uinciae
418 3138 731 3215 Nordanhymbrorum
758 3147 787 3197 et
815 3137 959 3214 Ecgberct
987 3137 1169 3197 Cantuarior·

180 3251 240 3305 um,
257 3231 358 3292 habito
381 3230 456 3292 inter
476 3252 508 3293 se
533 3232 656 3292 consilio
674 3233 746 3308 quid
766 3233 805 3292 de
823 3243 900 3292 statu
918 3231 1058 3294 ecclesiae
1079 3234 1169 3310 Angl-

180 3347 265 3388 0rum
292 3338 369 3389 esset
395 3331 551 3406 agendum,
583 3329 761 3390 intellexerat
794 3331 874 3390 enim
907 3330 1048 3391 ueraciter
1075 3331 1169 3392 Osuiu

181 3424 316 3502 quamuis
340 3425 481 3484 educatus
504 3445 522 3484 a
545 3425 651 3485 Scottis
675 3425 744 3502 quia
766 3429 903 3485 Romana
926 3436 1002 3486 esset
1026 3425 1168 3486 catholica
1182 3440 1217 3498 30
