2592 3834
482 243 531 296 OF
547 242 690 294 ABBESS
707 241 811 292 HILD.

580 428 717 516 [xxm]
736 394 740 403 ¹

155 546 309 674 ANNO
335 555 403 622 post
428 545 509 603 hunc
541 555 690 620 sequente,
717 544 776 602 hoc
802 553 847 603 est
873 562 953 602 anno
980 541 1145 603 dominicae

237 641 445 702 incarnationis
463 643 536 701 dc¹¹¹⁰
553 643 664 716 imm,
681 640 896 719 religiosissima
913 640 1021 702 Christi
1037 642 1146 700 famula

154 739 240 814 Hild,
267 740 415 799 abbatissa
441 738 610 798 monasterii
636 739 716 815 quod
744 737 851 798 dicitur
883 739 1084 799 strenaeshalc
1113 752 1146 801 ut

153 856 240 912 supra
266 835 440 908 rettulimus,
474 845 543 911 post
569 836 662 894 multa
689 854 765 911 quae
792 834 861 895 fecit
888 835 919 893 in
946 835 1028 896 tetris
1055 857 1145 913 opera
1179 857 1194 916 5

152 934 290 994 caelestia
312 933 351 992 ad
374 930 562 1008 percipienda
588 930 719 1007 praemia
741 928 820 990 uitae
844 930 977 992 caelestis
1001 934 1040 992 de
1063 933 1145 993 terris

152 1031 251 1090 ablata
269 1028 402 1089 transiuit
420 1027 468 1087 die
486 1047 526 1086 xu
544 1029 734 1088 kalendarum
749 1029 967 1104 Decembrium,
983 1049 1052 1088 cum
1069 1042 1145 1090 esset

150 1145 296 1185 annorum
317 1124 386 1196 brui,
407 1124 514 1200 quibus
535 1144 631 1200 aequa
650 1122 786 1202 portione
808 1125 909 1185 diuisis
927 1126 1016 1186 xxxiii
1035 1127 1145 1204 primos

151 1220 182 1279 in
199 1219 339 1280 saeculari
357 1219 458 1279 habitu
479 1219 660 1280 nobilissime
678 1231 851 1280 conuersata
864 1221 1024 1298 compleuit
1038 1234 1067 1282 et
1080 1221 1145 1282 toti·

153 1317 221 1376 dem
244 1328 401 1393 sequentes
423 1316 550 1376 nobilius
572 1315 602 1375 in
624 1315 798 1376 monachica
819 1315 881 1376 uita
902 1316 1024 1376 domino
1045 1337 1195 1380 conse-10

152 1411 252 1473 crauit.
288 1431 358 1470 nam
372 1422 402 1471 et
415 1411 523 1472 nobilis
536 1424 608 1472 natu
621 1423 691 1485 erat,
703 1413 761 1472 hoc
775 1423 818 1472 est
831 1413 891 1472 filia
905 1414 1020 1491 nepotis
1035 1415 1145 1476 Eduini

152 1509 227 1585 regis
240 1509 387 1569 uocabulo
403 1507 554 1567 Hererici:
574 1528 642 1567 cum
662 1528 722 1584 quo
741 1508 829 1568 etiam
847 1529 923 1586 rege,
940 1511 979 1570 ad
997 1511 1144 1588 praedica·

152 1606 266 1669 tionem
288 1607 391 1666 beatae
410 1605 569 1664 memoriae
591 1605 706 1664 Paulini
727 1605 813 1682 primi
832 1607 1144 1684 Nordanhyrnbrorum

153 1703 293 1779 episcopi,
315 1704 406 1761 fidem
430 1713 460 1760 et
481 1713 662 1761 sacramenta
680 1702 788 1763 Christi
809 1704 936 1779 suscepit
954 1715 1042 1781 atque
1061 1706 1143 1780 haec,

152 1800 319 1875 usquedum
341 1799 380 1858 ad
403 1796 466 1856 eius
489 1796 635 1857 uisionem
658 1797 811 1874 peruenire
834 1798 949 1874 meruit,
972 1799 1145 1862 intemerata
1160 1825 1193 1883 15

152 1895 287 1957 seruauit.

212 1994 296 2067 Quae
311 2009 379 2049 cum
393 1988 494 2049 relicto
512 1987 614 2048 habitu
633 1989 774 2050 saeculari
792 1989 833 2050 illi
852 1991 906 2051 soli
922 1989 1029 2050 seruire
1046 1992 1144 2052 decre

149 2084 248 2157 uisset,
269 2083 389 2144 secessit
410 2085 450 2143 ad
473 2083 655 2161 prouinciam
675 2085 868 2146 Orientalium
889 2088 1061 2162 Anglorum,
1082 2099 1144 2147 erat

149 2200 276 2258 namque
300 2180 466 2258 propinqua
489 2179 564 2256 regis
585 2178 672 2254 illius,
696 2180 864 2250 desiderans
891 2181 1006 2254 exinde,
1032 2181 1056 2241 si
1083 2202 1144 2259 quo

148 2278 241 2336 modo
254 2287 364 2354 posset,
379 2275 517 2336 derelicta
533 2276 626 2353 patria
640 2287 670 2336 et
684 2276 821 2336 omnibus
834 2296 1039 2355 quaecumque
1052 2279 1142 2338 habu·
1158 2306 1195 2344 20

151 2383 219 2444 erat,
232 2373 359 2432 Galliam
372 2371 524 2449 peruenire
538 2384 627 2448 atque
640 2371 673 2430 in
686 2371 864 2433 monasterio
876 2373 948 2433 Cale
961 2373 1143 2450 peregrinam

150 2490 204 2547 pro
218 2469 340 2530 domino
360 2468 452 2528 uitam
471 2470 585 2540 ducere,
609 2488 668 2546 quo
686 2468 799 2528 facilius
816 2479 989 2545 perpetuam
1006 2468 1037 2527 in
1055 2469 1143 2528 caelis

150 2565 275 2642 patriam
288 2575 387 2642 posset
401 2563 513 2624 mereri.
555 2584 625 2623 nam
645 2564 725 2624 etin
744 2565 850 2624 eodem
869 2563 1048 2624 monasterio
1062 2583 1143 2624 soror

151 2660 241 2737 ipsius
257 2660 414 2732 Heresuid,
428 2671 521 2720 mater
529 2661 661 2720 Alduulfi
674 2659 750 2736 regis
761 2658 956 2720 Orientalium
968 2658 1141 2734 Anglorum,

150 2855 232 2914 tabat
245 2864 411 2914 aeternam:
432 2852 515 2912 cuius
531 2855 679 2912 aemulata
692 2854 858 2930 exemplum
872 2863 901 2912 et
914 2852 979 2929 ipsa
991 2851 1142 2928 proposito

149 2950 354 3029 peregrinandi
372 2970 483 3010 annum
495 2960 590 3010 totum
605 2951 636 3010 in
650 2952 781 3028 praefata
798 2949 949 3027 prouincia
962 2961 1074 3011 retenta
1088 2962 1141 3024 est,

149 3048 257 3109 deinde
281 3049 320 3107 ab
343 3047 463 3107 Aidano
487 3046 628 3124 episcopo
655 3045 686 3104 in
713 3045 837 3122 patriam
863 3057 1002 3106 reuocata
1028 3047 1142 3124 accepit

148 3143 249 3202 locum
275 3143 363 3204 unius
388 3143 517 3203 familiae
550 3144 590 3204 ad
624 3141 881 3219 septentrionalem
915 3143 1032 3220 plagam
1059 3142 1142 3202 Viuri

148 3241 285 3315 fluminis,
307 3241 358 3301 ubi
376 3260 471 3318 aeque
491 3260 571 3302 anno
591 3259 653 3299 uno
675 3236 879 3300 monachicam
900 3257 969 3296 cum
989 3240 1142 3316 perpaucis
1158 3263 1211 3320 30¹

150 3337 236 3399 sociis
249 3338 342 3397 uitam
355 3339 470 3416 agebat.

211 3468 314 3518 1ΧΧΙ
326 3485 372 3519 ms.
487 3467 509 3503 ¹⁸
524 3469 649 3520 Abrdam·
666 3482 711 3517 ms.
831 3463 852 3498 ⁸³
869 3466 1070 3534 meririprman.
