2592 3834
185 242 245 299 394
436 239 595 289 narona
617 241 899 294 aurencassrou
1103 221 1178 308 [ua

184 368 252 417 cilicas
260 367 291 416 ab
300 367 339 416 his
348 368 394 430 qui
401 375 521 416 naunant
530 368 685 430 inuestigatis,
698 382 801 430 quonam
811 369 883 416 etiam
894 367 995 417 nomina
1009 369 1037 417 in
1051 369 1102 432 ipso
1113 371 1179 419 libro

183 450 307 513 aliquoties
321 449 349 497 ab
364 450 481 496 indi'cium
497 456 587 497 certum
603 448 711 511 cognitae
726 449 834 496 uertatissc
848 449 989 511 appetenda
1007 449 1123 508 adriam}
1141 451 1179 498 sic

183 531 280 579 &mum
295 531 331 578 ad
342 530 466 579 schedulas
484 544 586 577 manum
608 530 701 577 mittere
721 529 815 592 incepta.
849 535 878 576 at
895 529 982 592 deitesto
1003 531 1115 592 apuscrda
1135 531 1182 579 sed
1282 549 1283 566 π

183 609 263 658 adhuc
286 616 375 657 retenta
396 611 424 657 in
446 610 563 658 schedadis
577 607 763 672 frequentaret
784 609 973 658 reuerentissimo
987 607 1073 673 fratri
1093 617 1178 658 nostro
1282 631 1283 682 3

184 690 312 754 Heresn'da
327 690 462 754 presbytera
482 691 530 739 huc
550 690 697 738 aduentanti
715 695 737 738 et
751 689 815 746 aliis.
831 691 876 753 qui
890 690 982 738 diutius
996 707 1050 742 cum
1067 691 1123 739 uiro
1138 691 1179 738 dei
1213 694 1228 753 5

183 771 318 819 conuersate'
331 771 409 819 uitam
425 770 494 819 illius
508 773 595 834 optt'rne
610 778 737 830 nouerant,
755 787 816 834 quae
830 773 916 833 scripsi
936 771 1032 834 legenda
1053 778 1125 836 atque
1145 789 1178 820 cx

184 857 285 912 tempore
302 851 457 898 retractanda
473 851 588 914 praestiti
603 866 633 898 ac
650 851 772 900 nonnulla
790 851 826 899 ad
841 851 973 900 arbc'tn'um
991 869 1081 913 carana,
1096 860 1178 916 prout

184 931 337 990 uidebantur,
349 933 445 980 santus
454 931 588 980 emmdaei.

233 1011 253 1058 P
265 1010 319 1067 166
333 1021 346 1072 7
357 1022 432 1061 vena
443 1023 497 1060 nux
508 1024 685 1077 nrsronmnp
698 1012 748 1075 501
761 1027 799 1062 ar.

249 1127 268 1152 „
306 1107 335 1141 ro
351 1104 520 1142 emanente,
556 1093 617 1141 This
627 1093 709 1142 clause
720 1093 745 1142 is·
752 1094 777 1142 in
789 1101 854 1143 most
864 1106 914 1144 uss
925 1093 1013 1158 placed
1028 1101 1053 1144 at
1068 1093 1109 1144 the
1125 1095 1176 1144 end
1194 1105 1229 1142 10

185 1173 214 1222 oi
225 1173 268 1224 the
281 1173 329 1222 last
343 1172 411 1222 book
425 1172 455 1221 oi
466 1173 507 1221 the
521 1173 621 1235 history.
656 1173 757 1223 Smith’s
772 1181 832 1223 note
847 1175 949 1224 thereon
963 1175 998 1234 is;
1014 1175 1057 1223 diu
1068 1175 1176 1224 mirabar

185 1255 250 1305 unde
260 1262 297 1305 tot
308 1246 405 1303 codices
415 1255 479 1304 hanc
490 1254 623 1302 clausulam
634 1263 754 1318 ponerent
764 1255 790 1303 in
799 1254 846 1305 fine
857 1255 972 1304 historiae
983 1263 1068 1304 contra
1079 1256 1176 1320 optima

184 1336 340 1400 exemplaria.
375 1335 419 1384 sed
434 1335 553 1385 accedens
567 1335 667 1383 tandem
682 1335 715 1383 ad
729 1347 764 1384 tas
777 1336 952 1384 Cottonianum
964 1348 974 1385 1
986 1336 1068 1386 inueni
1078 1336 1175 1385 hiatum

184 1414 307 1464 hocloco
325 1415 446 1472 relictum,
464 1422 490 1463 et
509 1413 642 1461 clausulam
662 1413 689 1462 in
709 1415 813 1464 obscuro
831 1415 864 1464 ad
882 1414 955 1465 finem
973 1414 1030 1464 libri
1046 1415 1170 1464 insertam.

101 1554 108 1570 .
183 1495 270 1544 habuit
291 1495 371 1543 scriba
391 1509 450 1558 prae
471 1492 549 1543 oculis
570 1492 695 1555 exemplar
712 1492 865 1556 primaeuum
882 1494 922 1542 cui
938 1493 1105 1542 contradicere
1122 1509 1173 1542 nou
1191 1507 1226 1565 15

184 1591 257 1624 ausus
275 1582 320 1635 est,
339 1575 383 1624 sed
402 1574 499 1623 suerunt
518 1574 579 1622 forte
598 1573 648 1621 alia
666 1573 755 1637 quibus
773 1574 848 1622 etiam
866 1582 925 1624 tunc
943 1575 1060 1638 temporis
1078 1590 1174 1623 morem

184 1657 292 1720 gerebat.
325 1671 444 1720 suspenso
460 1655 535 1718 igitur
549 1654 641 1703 iudicio
657 1653 791 1703 clausulam
809 1655 842 1703 ad
863 1670 977 1718 praesens
995 1655 1111 1719 reposuit,
1130 1657 1175 1705 ubi

184 1737 296 1801 neglecta
307 1737 395 1786 dehinc
406 1736 488 1785 iacens
499 1735 613 1784 omnibus
623 1735 666 1799 qui
676 1734 741 1784 hunc
754 1747 790 1784 Ms
802 1736 953 1799 sequioribus
964 1736 1058 1785 seculis¹
1066 1737 1173 1800 exscrip-

184 1826 267 1869 serunt
278 1819 374 1868 errandi
385 1819 538 1868 occasionem
550 1819 626 1867 dedit.

249 1933 267 1958 ‚,
304 1911 332 1960 15
350 1910 428 1948 mets
445 1909 659 1948 svaururonmvs
676 1896 737 1946 such
754 1913 781 1946 as
800 1895 959 1960 Canterbury‚
977 1895 1055 1957 Yorlr,
1075 1896 1174 1946 Lindis-
1190 1915 1228 1951 20

184 1980 260 2029 fatue.

249 2093 267 2118 ‚,
305 2070 334 2121 17
350 2057 843 2122 rurnncasstonrscfp45115-17n.
875 2059 1061 2124 p119121n.
1097 2059 1175 2123 p167

184 2140 231 2201 17.
263 2139 340 2206 mirac
357 2139 441 2188 Cuthb
458 2139 530 2203 praei
545 2139 613 2199 (end)
631 2145 658 2188 to
673 2138 741 2202 John
755 2138 797 2189 the
811 2139 950 2203 presbyter:
966 2139 1130 2199 obsecramini
1142 2140 1180 2188 ad

184 2222 273 2271 limina
289 2222 409 2271 balanna
424 2221 583 2284 apostolamm
598 2220 639 2270 deo
649 2227 786 2284 prategmte
794 2222 939 2285 pmoenaiu
957 2235 1010 2284 pro
1026 2235 1070 2269 me
1085 2219 1176 2270 inter·

184 2304 288 2354 cedere
299 2304 442 2353 numineris.
477 2318 509 2367 ep
520 2303 552 2352 ad
564 2303 726 2351 Nothelmum
734 2301 827 2364 (before
841 2302 877 2350 ‘iu
888 2300 964 2350 libros
974 2303 1176 2365 regumquaestt’
1191 2315 1226 2375 25

185 2384 271 2448 Migne
279 2395 327 2433 xc1
337 2382 403 2444 716³)
413 2384 441 2431 in
451 2383 537 2448 quibus
546 2382 654 2431 witelicct
663 2381 780 2445 responsis
789 2381 847 2446 quia
857 2382 906 2430 tuis
912 2381 1065 2453 pactionibus
1074 2382 1177 2444 uestigia

178 2472 284 2528 patrum
294 2478 390 2527 sequens
399 2462 630 2527 satisfiscerestndaa’,
640 2469 727 2525 precor
739 2469 769 2511 ut
784 2463 859 2511 uicem
876 2462 977 2511 debitam
994 2469 1089 2511 nostrae
1105 2462 1176 2512 daca·

183 2544 248 2593 tioni
256 2544 355 2592 reddens
365 2559 416 2606 pro
432 2543 577 2607 sospitate
593 2545 689 2592 nostri
704 2550 732 2592 et
748 2542 846 2592 cordis
862 2549 890 2591 et
906 2542 1041 2605 corporis,
1055 2558 1177 2590 tenaciam

178 2625 304 2690 fratribus
321 2624 366 2688 qui
382 2623 434 2672 illei
453 2625 481 2672 in
498 2624 556 2671 locis
573 2623 693 2671 uobiscum
713 2622 810 2670 domino
827 2621 971 2678 daonium,
989 2621 1177 2672 intercedere

184 2705 360 2755 memineris.
391 2704 434 2752 sed
440 2711 463 2753 et
471 2703 496 2753 si
504 2703 601 2768 quidde
609 2703 648 2751 aa
659 2717 720 2766 quae
731 2702 818 2766 scripsi
831 2703 913 2765 aptius
922 2701 989 2766 forte
1003 2701 1098 2761 daubi
1112 2703 1181 2766 quad
1190 2717 1227 2772 30

179 2784 303 2847 sacillinu
326 2782 464 2845 contingere
477 2781 573 2844 potent,
596 2781 730 2843 expositum
753 2779 883 2838 inueneris,
907 2779 976 2827 nobis
995 2793 1087 2842 quoque
1108 2779 1177 2828 ocius

130 2915 135 2922 ,
186 2862 415 2912 &destinarem
427 2861 549 2923 grauerz's.
582 2874 613 2922 ep
629 2860 662 2907 ad
678 2861 773 2907 Accam
790 2857 856 2917 (end,
875 2858 983 2922 prefixed
994 2865 1021 2906 to
1040 2858 1080 2906 ‘in
1093 2858 1176 2907 Marci

184 2950 265 2998 euung
274 2932 361 2998 expos’
372 2945 432 2982 xctt
447 2939 503 2997 134⁵
513 2932 609 2995 Migne)
621 2938 755 2982 orantem
772 2948 825 2996 pro
841 2934 928 2982 nobis
943 2935 1093 2983 sanctitatem
1104 2941 1176 2984 tuam

183 3015 285 3066 caelestes
294 3021 385 3078 semper
389 3013 474 3077 gratia
483 3019 598 3076 protegat.
632 3013 675 3060 sed
687 3019 709 3061 et
723 3013 767 3060 hoc
781 3019 838 3062 ante
852 3015 935 3062 amnia
949 3019 1044 3063 cunctos
1059 3015 1105 3078 qni
1117 3015 1178 3064 haec

177 3096 245 3161 forte
260 3095 348 3145 lecturi
362 3101 422 3143 nent
438 3094 548 3156 deprecor
563 3093 591 3142 in
610 3093 713 3153 tantine,
734 3099 763 3141 nt
782 3109 835 3157 pro
853 3094 926 3144 meis
944 3102 973 3144 et
991 3096 1127 3160 corporis
1145 3104 1177 3147 et
1192 3098 1227 3159 35

184 3177 274 3228 animi
292 3175 510 3238 fragilitatibus
529 3173 606 3238 apud
622 3174 702 3236 pium
719 3173 847 3223 iudicem
866 3175 1078 3226 intercessores
1096 3177 1176 3228 exis·

184 3266 247 3309 tere
257 3258 424 3321 dignentur.
453 3271 485 3320 ep
496 3255 529 3304 ad
540 3257 634 3307 Accam
646 3256 712 3317 (end,
726 3255 834 3320 prefixed
845 3263 872 3305 to
883 3257 921 3306 ‘in
932 3256 1014 3307 Lucae
1025 3274 1105 3323 euang
1115 3263 1178 3324 exp·

183 3340 212 3389 ib
229 3341 296 3402 308⁸)
314 3344 448 3387 orantem
469 3351 522 3399 pro
543 3335 628 3385 nobis
645 3341 757 3384 sanctam
773 3336 943 3399 mansuem
965 3345 1070 3387 uestram
1087 3342 1177 3402 gratia

183 3421 286 3485 supera
299 3417 418 3468 mutat
432 3433 573 3467 cauernare
586 3423 658 3480 atque
672 3416 708 3464 ad
720 3417 874 3480 defmo‘anem
889 3419 994 3468 ecclesa:
1007 3437 1066 3470 suae
1078 3427 1180 3473 sanctae
