2592 3834
151 212 181 294 (2
185 234 202 290 3
206 222 248 289 )=
261 233 294 272 21
299 230 311 292 1
328 229 508 278 ancones
520 229 663 278 Aaaess
680 229 727 276 on
739 227 1070 278 STRENAESHALCAE
1091 229 1145 292 137

214 357 286 414 Post
303 355 377 414 haec
394 356 472 414 facta
488 366 534 435 ¹est
554 355 702 415 abbatissa
718 353 749 414 in
765 355 944 415 monasterio
962 359 1044 434 quod
1063 378 1148 420 uoca-

153 461 201 511 tur
214 453 349 510 Heruteu
358 471 368 524 ;
388 453 470 528 quod
488 451 627 512 uidelicet
645 451 856 512 monasterium
874 454 985 513 factum
1005 465 1066 514 erat
1087 475 1149 516 non

117 596 123 610 .
153 550 248 608 multo
274 561 344 608 ante
364 569 383 608 a
401 548 536 625 religiosa
560 548 669 609 Christi
695 550 805 608 famula
833 549 923 623 Heiu,
952 571 1028 627 quae
1054 551 1149 628 prima

153 647 328 708 feminarum
350 649 439 707 fertur
464 647 496 706 in
522 646 676 724 prouincia
703 649 1017 726 Nordanhymbrorum
1043 670 1149 728 propo-

120 760 140 819 5
154 741 242 801 situm
255 754 429 819 uestemque
443 743 674 803 sanctimonialis
692 744 809 804 habitus
826 757 1015 806 consecrante
1029 747 1150 810 Aidano

153 839 294 917 episcopo
319 839 489 917 suscepisse.
539 841 594 899 sed
619 841 670 898 illa
695 851 764 917 post
790 861 852 900 non
879 843 1004 902 multum
1031 854 1149 921 tempus

152 937 222 997 lacti
236 937 405 998 monasterii
416 936 535 997 secessit
548 938 587 996 ad
601 937 752 997 ciuitatem
763 939 926 1000 Calcariam
940 961 1017 1018 quae
1030 962 1048 1000 a
1061 953 1149 1018 gente

151 1037 316 1112 Anglorum
337 1034 548 1094 Kaelcacaestir
567 1036 739 1110 appellatur,
761 1035 861 1112 ibique
884 1036 940 1096 sibi
964 1038 1149 1098 mansionem

151 1130 284 1190 instituit.
326 1132 456 1207 praelata
478 1141 577 1189 autem
598 1130 732 1206 regimini
753 1130 922 1190 monasterii
942 1131 1019 1192 illius
1039 1135 1150 1199 famula

104 1245 140 1283 10
153 1227 262 1289 Christi
290 1228 375 1299 Hild,
403 1247 474 1286 mox
497 1229 555 1286 hoc
579 1228 701 1304 regulari
728 1228 790 1287 uita
813 1248 865 1303 per
888 1229 996 1303 omnia,
1022 1242 1110 1307 prout
1131 1253 1150 1292 a

152 1324 248 1386 doctis
262 1323 331 1383 uiris
345 1323 457 1383 discere
470 1333 593 1399 poterat,
605 1323 740 1384 ordinare
754 1325 891 1385 curabat:
910 1345 980 1385 nam
995 1338 1024 1386 et
1039 1327 1150 1404 episco-

125 1428 207 1498 *pus
225 1420 324 1479 Aidan
343 1429 373 1478 et
393 1418 503 1495 quique
525 1430 670 1480 nouerant
691 1439 758 1478 eam
777 1420 913 1498 religiosi,
935 1441 990 1497 pro
1011 1415 1098 1482 insita
1120 1423 1148 1484 ei
1223 1413 1225 1420 ’

152 1514 297 1592 sapientia
318 1526 347 1574 et
371 1533 471 1573 amore
495 1514 588 1574 diuini
614 1516 781 1588 famulatus
811 1519 915 1576 sedulo
939 1536 1006 1577 eam
1030 1518 1148 1580 uisitare

151 1613 260 1672 obnixe
274 1630 371 1670 amare
385 1610 539 1687 diligenter
552 1610 666 1670 erudire
681 1614 822 1672 solebant.

104 1730 137 1790 15
213 1711 291 1770 Cum
305 1729 374 1784 ergo
388 1708 500 1785 aliquot
518 1728 612 1768 annos
630 1709 699 1769 huic
717 1711 895 1770 monasterio
913 1712 1051 1788 regularis
1069 1711 1148 1773 uitae

151 1805 327 1867 institutioni
341 1809 467 1866 multum
484 1806 596 1865 intenta
612 1818 767 1883 praeesset,
783 1807 905 1884 contigit
919 1828 985 1868 eam
1000 1809 1156 1886 suscipere

151 1899 241 1959 etiarn
260 1903 492 1961 construendum
513 1902 576 1961 siue
594 1901 793 1962 ordinandum
811 1903 1021 1963 monasterium
1035 1904 1066 1964 in
1079 1906 1148 1964 loco

151 1997 203 2073 qui
226 2010 349 2057 uocatur
372 2000 604 2072 streaneshalch,
629 2002 712 2076 quod
732 2020 806 2076 opus
828 1999 883 2060 sibi
903 2001 1066 2062 iniunctum
1085 2021 1148 2062 non

152 2093 278 2169 segniter
291 2094 432 2170 impleuit
474 2115 545 2154 nam
560 2096 682 2167 eisdem,
703 2095 809 2172 quibus
826 2095 907 2173 prius
925 2097 1144 2172 monasterium,

101 2211 140 2250 20
152 2190 240 2250 etiam
261 2193 319 2251 hoc
343 2191 505 2269 disciplinis
528 2193 608 2252 uitae
631 2192 769 2270 regularis
792 2192 934 2253 instituit:
969 2204 998 2253 et
1025 2195 1146 2270 quidem

151 2289 275 2346 multam
293 2287 334 2347 ibi
352 2307 472 2364 quoque
492 2287 619 2348 iustitiae
641 2289 759 2365 pietatis
778 2299 807 2348 et
826 2289 1016 2349 castimoniae
1039 2303 1147 2350 cetera-

150 2402 275 2458 rumque
297 2382 439 2442 uirtutum
459 2385 512 2443 sed
528 2384 658 2444 maxime
679 2383 760 2460 pacis
783 2394 812 2444 et
836 2383 962 2444 caritatis
981 2385 1147 2447 custodiam

105 2522 108 2531 .
151 2477 269 2538 docuit:
290 2477 332 2537 ita
349 2477 432 2538 utin
453 2481 621 2555 exemplum
642 2478 808 2554 primitiuae
828 2479 969 2540 ecclesiae
987 2483 1085 2540 nullus
1105 2480 1146 2542 ibi

151 2572 235 2632 diues
248 2575 346 2634 nullus
362 2586 440 2635 esset
457 2595 555 2652 egens,
575 2576 714 2635 omnibus
733 2586 831 2636 essent
849 2577 950 2636 omnia
966 2579 1144 2650 communia.
1249 2569 1252 2577 ¹

101 2695 136 2754 25
151 2688 220 2728 cum
247 2671 320 2730 nihil
351 2671 524 2746 cuiusquam
558 2691 622 2732 esse
656 2672 805 2732 uideretur
837 2673 996 2750 proprium.
1047 2686 1145 2736 tantae

150 2777 251 2824 autem
265 2778 325 2826 erat
339 2765 403 2843 ipsa
415 2765 598 2843 prudentiae,
617 2779 650 2827 ut
668 2787 729 2827 non
749 2770 844 2828 solum
858 2769 1022 2830 mediocres
1037 2770 1146 2847 quique

150 2861 181 2921 in
195 2861 499 2937 necessitatibussuis,
514 2866 569 2924 sed
586 2864 675 2924 etiarn
694 2884 775 2942 reges
789 2884 825 2924 ac
837 2865 983 2942 principes
1001 2886 1147 2926 nonnum·

151 2980 241 3038 quam
262 2963 303 3020 ab
325 2979 361 3020 ea
383 2972 554 3036 quaererent
581 2962 738 3023 consilium
761 2974 791 3023 et
814 2962 988 3023 inuenirent.
1030 2975 1145 3024 tantum

149 3058 269 3118 lectioni
290 3057 457 3117 diuinarum
474 3059 681 3137 scripturarum
703 3079 772 3120 suos
792 3079 897 3119 uacare
918 3059 1060 3134 subditos,
1083 3073 1146 3122 tan-

99 3177 138 3234 30
150 3166 213 3214 tum
240 3153 378 3231 operibus
407 3154 534 3215 iustitiae
561 3176 593 3216 se
622 3176 755 3216 exercere
785 3145 920 3229 faciebat,
948 3166 980 3215 ut
1007 3157 1144 3220 facillime

149 3251 320 3311 uiderentur
339 3251 459 3324 ibidem,
481 3253 535 3328 qui
559 3253 788 3314 ecclesiasticum
809 3254 941 3329 gradum,
963 3253 1021 3313 hoc
1042 3265 1086 3314 est
1106 3257 1145 3314 al·

150 3348 219 3408 taris
232 3348 371 3422 officium,
385 3360 454 3426 apte
465 3350 605 3424 subirent,
620 3350 737 3428 plurimi
750 3370 837 3427 posse
851 3349 977 3427 reperiri.

211 3445 350 3524 Denique
363 3467 384 3507 u
403 3467 439 3508 ex
456 3449 564 3521 eodem
581 3448 759 3525 monasterio
777 3459 882 3525 postea
900 3449 1054 3529 episcopos
1072 3451 1145 3515 uidi-
