2592 3834
153 243 303 323 verruca]
329 259 496 310 sources
517 222 565 310 oh
581 259 718 312 aaua’s
736 235 1007 311 INFORMATIOM
1084 247 1137 321 165

151 387 262 446 dustria
283 391 445 451 Nothelmo
467 402 501 450 ut
521 391 647 450 diximus
667 393 831 468 perferente
845 390 1046 467 cognouimus.
1089 389 1139 464 qui

152 482 241 542 etiam
254 486 423 561 prouinciae
438 486 631 548 Orientalium
646 486 733 546 simul
750 498 779 546 et
801 485 1039 547 Occidentalium
1052 486 1141 545 Saxo-

150 597 222 637 num
239 599 296 640 nec
314 601 375 641 non
397 593 426 642 et
444 581 639 642 Orientalium
656 584 818 658 Anglorum
832 593 921 658 atque
937 580 1140 656 Nordanhym-

150 676 270 735 brorum
289 697 308 736 a
331 677 437 753 quibus
459 677 641 753 praesulibus
663 680 712 736 uel
732 697 857 753 quorum
882 690 1015 754 tempore
1037 694 1138 752 regum

121 783 137 842 5
150 773 272 846 gratiam
285 773 429 849 euangelii
442 773 633 849 perceperint,
646 775 788 832 nonnulla
801 773 873 832 mihi
889 793 926 833 ex
943 785 1026 850 parte
1044 773 1139 850 prodi·
1153 803 1156 810 .

151 869 263 927 derunt
306 868 434 945 denique
461 869 577 928 hortatu
605 868 761 944 praecipue
789 867 879 945 ipsius
901 861 1004 928 Albini
1024 881 1057 930 ut
1080 871 1138 930 hoc

150 981 225 1039 opus
247 963 367 1040 adgredi
395 965 535 1024 auderem
559 977 737 1040 prouocatus
758 986 830 1025 sum.
873 967 926 1026 sed
950 977 981 1026 et
1009 966 1138 1026 Danihel

149 1061 398 1121 reuerentissimus
408 1063 644 1124 Occidentalium
658 1066 805 1123 Saxonum
820 1063 986 1139 episcopus
995 1065 1138 1139 quinunc

149 1175 243 1232 usque
261 1169 400 1234 superest,
415 1161 558 1220 nonnulla
575 1159 646 1218 mihi
665 1161 704 1219 de
719 1159 839 1220 historia
858 1159 1055 1220 ecclesiastica
1071 1178 1137 1236 pro-

103 1266 138 1308 no
150 1251 264 1314 uinciae
278 1255 369 1332 ipsius
383 1256 468 1314 simul
483 1268 513 1316 et
526 1256 659 1333 proxima
671 1255 714 1315 illi
727 1257 907 1315 Australium
921 1260 1071 1317 Saxonum
1081 1275 1137 1316 nec

148 1368 211 1408 non
224 1362 254 1410 et
267 1354 379 1411 Vectae
395 1352 505 1411 insulae
522 1351 623 1411 litteris
644 1353 785 1410 mandata
801 1352 967 1412 declarauit.
1011 1351 1136 1428 qualiter

148 1465 220 1506 uero
232 1466 286 1523 per
297 1447 490 1507 ministerium
507 1447 603 1509 Ceddi
619 1458 649 1506 et
669 1448 791 1508 Ceadda
809 1447 1008 1524 religiosorum
1028 1446 1137 1508 Christi

149 1544 334 1602 sacerdotum
348 1545 396 1602 uel
409 1542 561 1620 prouincia
575 1541 754 1601 Merciorum
768 1543 807 1601 ad
820 1543 909 1602 fidem
924 1543 1032 1604 Christi
1046 1563 1136 1620 quam

148 1657 210 1697 non
224 1639 531 1717 noueratperuenerit,
545 1640 594 1698 uel
611 1638 763 1715 prouincia
777 1638 971 1700 Orientalium
986 1643 1135 1700 Saxonum

100 1751 134 1810 15
148 1737 237 1796 fidem
258 1756 347 1813 quam
371 1737 442 1797 olim
464 1737 666 1796 exsufflauerat
689 1736 909 1811 recuperauerit,
930 1737 1022 1813 qualis
1047 1736 1135 1796 etiam

148 1832 277 1909 ipsorum
289 1845 404 1910 patrum
418 1831 479 1893 uita
489 1835 537 1893 uel
551 1833 650 1893 obitus
664 1833 797 1904 extiterit,
808 1833 961 1910 diligenter
973 1854 991 1892 a
1001 1833 1134 1893 fratribus

148 1931 318 1993 monasterii
332 1930 412 2008 quod
425 1931 464 1989 ab
485 1929 555 2006 ipsis
573 1929 726 1988 conditum
747 1931 930 2007 Laestingaeu
949 1930 1135 2006 cognomina-

147 2035 195 2086 tur
208 2027 391 2103 agnouimus
433 2046 520 2103 porro
540 2027 571 2085 in
592 2026 744 2102 prouincia
765 2027 957 2086 Orientalium
972 2029 1134 2103 Anglorum

146 2140 222 2198 quae
234 2123 341 2182 fuerint
358 2133 441 2199 gesta
458 2121 662 2194 ecclesiastica,
683 2123 788 2197 partim
805 2122 970 2198 exscriptis
987 2125 1035 2182 uel
1049 2122 1133 2183 tradi-

87 2236 134 2277 ρο
145 2218 227 2278 tione
250 2219 379 2295 priorum
405 2218 509 2296 partim
536 2217 761 2279 reuerentissimi
782 2219 895 2278 abbatis
919 2219 970 2278 Esi
992 2221 1132 2281 relatione

145 2315 349 2391 comperimus
392 2324 422 2373 at
435 2334 506 2374 uero
519 2313 550 2373 in
563 2313 717 2391 prouincia
734 2313 862 2372 Lindissi
878 2334 953 2390 quae
974 2315 1032 2376 sint
1051 2327 1132 2393 gesta

144 2429 213 2487 erga
224 2413 315 2482 fidem
330 2411 437 2473 Christi
450 2431 563 2488 quaeue
576 2409 722 2482 successio
736 2413 922 2472 sacerdotalis
936 2412 1069 2486 extiterit,
1084 2415 1131 2473 uel

143 2506 245 2568 litteris
263 2506 487 2567 reuerentissimi
506 2506 642 2566 antistitis
664 2505 831 2582 Cynibercti
851 2509 900 2567 uel
920 2508 1042 2568 aliorum
1062 2510 1131 2569 fide-

143 2605 216 2663 lium
229 2604 357 2665 uirorum
371 2604 440 2664 uiua
453 2623 528 2664 uoce
542 2604 707 2666 didicimus.
749 2625 825 2681 quae
839 2617 938 2665 autem
952 2605 983 2663 in
998 2607 1131 2665 Nordan·

95 2710 129 2769 25
146 2701 336 2778 hymbromm
349 2701 501 2778 prouincia
517 2721 555 2761 ex
570 2721 629 2779 quo
647 2713 779 2778 tempore
799 2703 889 2762 fidem
910 2701 1018 2762 Christi
1032 2722 1130 2778 perce·

144 2807 357 2873 peruntusque
374 2798 566 2874 adpraesens
585 2817 638 2874 per
657 2797 787 2856 diuersas
807 2797 940 2873 regiones
961 2798 992 2856 in
1006 2798 1130 2859 ecclesia

141 2892 201 2953 sint
214 2904 288 2966 acta,
303 2913 364 2953 non
378 2893 586 2970 unoquolibet
603 2903 722 2952 auctore
741 2892 793 2952 sed
813 2893 893 2952 fideli
912 2895 1127 2954 innumerorum

141 2987 260 3048 testium
282 2988 333 3065 qui
353 2990 427 3048 haec
449 2990 522 3049 scire
545 2991 593 3049 uel
614 2987 784 3048 meminisse
807 3000 944 3065 poterant
962 2991 1127 3052 adsertione

140 3085 276 3161 cognoui,
305 3085 434 3162 exceptis
460 3087 506 3145 his
532 3107 607 3162 quae
634 3108 687 3176 per
710 3089 854 3166 meipsum
876 3108 963 3149 nosse
985 3099 1125 3163 poteram.
1225 3097 1227 3100 '

89 3201 128 3256 30
139 3180 215 3241 inter
228 3200 303 3257 quae
317 3183 479 3241 notandum
495 3185 576 3257 quod
590 3202 634 3256 ea,
649 3203 725 3259 qnae
742 3187 780 3244 de
797 3184 980 3244 sanctissimo
998 3195 1080 3259 patre
1099 3196 1129 3245 et

139 3277 268 3338 antistite
283 3279 453 3338 Cudbercto
467 3281 516 3339 uel
529 3279 560 3338 in
573 3280 632 3339 hoc
644 3281 796 3341 uolumine
810 3284 859 3341 uel
874 3281 903 3340 in
918 3281 1018 3340 libello
1032 3292 1128 3357 gesto-

138 3393 204 3434 rum
224 3374 315 3452 ipsius
336 3376 503 3454 conscripsi,
521 3376 627 3453 partim
652 3398 689 3437 ex
712 3378 754 3438 eis
776 3397 852 3454 quae
874 3380 913 3438 de
937 3378 987 3438 illo
1008 3379 1087 3456 prius
1108 3401 1126 3442 a

425 3525 429 3529 >
504 3492 679 3558 ⁷aggredisec
690 3509 754 3543 man.
